1881 3137
508 942 1161 1021 PROLOGVS.

175 1199 349 1255 6ἱῶίῖἐᾶ

130 1253 187 1338 ᾗ
241 1297 302 1352 N
347 1254 506 1349 Qihil
556 1290 811 1351 difficilius
858 1293 960 1351 effe
978 1328 995 1358 ‚
1057 1311 1219 1369 quam
1276 1291 1546 1366 systemata

129 1340 188 1426 ἓ
269 1341 409 1467 iffi}
423 1382 652 1438 condere
674 1384 726 1438 in
756 1384 916 1440 rebus
948 1382 1011 1440 ad
1041 1380 1355 1440 Naturalem
1390 1379 1549 1455 perti-

183 1413 321 1553 ἐξῇ
419 1466 663 1523 uentibus
686 1469 999 1531 Historiam,
1038 1469 1317 1543 agnoscent
1339 1484 1548 1533 omne3‚

418 1557 482 1613 &
515 1557 854 1627 experientur
884 1559 949 1622 ii,
1005 1559 1097 1630 qui
1132 1556 1218 1612 vel
1249 1555 1407 1612 semel
1442 1573 1551 1612 ma-

130 1663 264 1708 num
303 1640 660 1703 admouerunt
689 1649 876 1722 operi,
926 1647 1012 1704 vel
1043 1662 1248 1705 tantum
1278 1646 1548 1721 systemata

134 1741 387 1802 aliorum,
420 1753 509 1794 aut
541 1738 740 1813 singula
767 1739 968 1798 sollicita
991 1741 1329 1797 meditatione
1353 1739 1550 1813 dignati

132 1833 274 1897 sunt,
313 1846 403 1889 aut
421 1831 518 1887 hac
536 1831 786 1905 applicata
811 1832 964 1907 plura
985 1850 1051 1889 ex
1073 1832 1165 1888 illis
1186 1844 1380 1887 attente
1402 1849 1550 1888 com-

134 1936 456 1996 parauerunt
482 1925 618 1978 inter
643 1921 693 1978 se
713 1957 728 1984 2
779 1938 838 1979 vt
876 1922 1027 1980 fimul
1063 1922 1396 1998 singulorum
1429 1939 1549 1997 per..

135 2017 385 2076 feffiones
405 2051 420 2079 ,
459 2014 822 2090 maculasque,
862 2018 978 2090 quis
1009 2018 1151 2074 enim
1187 2019 1248 2077 &
1269 2015 1336 2072 ab
1363 2016 1442 2073 his
1470 2032 1550 2073 ca-

135 2125 256 2167 ueat
296 2107 508 2165 homo?
556 2107 691 2163 clare
729 2108 1120 2183 distinguerent.
1196 2109 1395 2182 Neque
1416 2144 1432 2172 ‚
1471 2126 1550 2166 ar-

135 2202 334 2263 bitror,
373 2198 675 2262 mirabitur‚
719 2201 810 2273 qui
838 2217 903 2255 ex
922 2201 1077 2257 altera
1097 2215 1245 2275 parte
1265 2200 1550 2275 singulares

137 2296 330 2370 cogitat
361 2288 698 2346 obiess'torum
731 2289 974 2346 Historiae
1003 2291 1267 2349 Naturalis
1297 2293 1548 2354 rationes,

137 2396 235 2455 per
259 2399 387 2458 quas
406 2380 639 2438 versatur
659 2382 790 2439 circa
810 2398 893 2438 res
925 2399 1036 2439 non
1064 2401 1095 2439 e
1127 2383 1230 2440 sola
1259 2382 1552 2440 intellefiffls

140 2473 357 2530 humani
381 2470 618 2528 mensura
639 2471 956 2546 pendentes,
995 2489 1061 2528 ex
1093 2473 1250 2528 altera
1277 2489 1409 2530 vero
1437 2489 1550 2527 me-

139 2564 265 2622 titur
287 2562 559 2622 finitorum
581 2562 990 2638 Intelligendum
1017 2565 1324 2640 cognitionis
1344 2562 1551 2644 limitefs,

827 2653 879 2712 A
1334 2645 1554 2726 asperim
