1881 3137
196 1448 433 1502 Explicatio

196 1502 336 1544 Claffis
360 1502 434 1546 ΙΙΙ.

221 1560 415 1600 Gramina.

492 192 569 261 76
877 187 1225 247 CLASSIS
1268 186 1369 245 1⁴11.

495 308 908 370 hermaphroditos
940 309 1082 356 flores
1109 311 1231 372 gerit
1250 346 1266 371 ,
1313 309 1641 371 simplicesque
1670 327 1764 362 ma-

491 404 567 436 res
596 389 718 436 infra
750 388 984 434 femineos
1006 423 1022 448 .,
1059 390 1145 436 vbi
1172 390 1330 450 pistilli
1355 390 1469 436 loco
1498 390 1660 440 saltem
1687 390 1764 438 ad·

493 469 561 518 est
597 467 890 517 rudimentum
922 468 1047 527 quafi
1075 470 1174 516 eius
1208 469 1477 518 obsoletum
1497 506 1514 530 ,
1551 487 1759 534 vanum,

495 562 661 610 expers
697 546 849 593 omnis
882 545 1129 607 medullae,
1164 549 1367 608 verique
1394 547 1597 597 seminis.
1665 547 1762 596 Ha-

487 629 654 676 bemus
696 626 837 673 etiam
875 641 935 672 ex
968 625 1092 673 hisce
1139 627 1243 674 liliis
1286 628 1452 674 tritum
1491 630 1763 691 exemplum

484 705 672 763 alismu,
721 706 853 752 cuius
882 705 1107 767 infignior
1135 706 1348 765 quaedam
1386 705 1565 766 species
1595 707 1759 755 aestiuo

486 793 705 844 tempore
730 784 873 829 titulo
898 783 1180 845 plantaginis
1202 783 1430 845 aquaticae
1453 785 1560 831 laete
1583 783 1640 830 de
1663 799 1759 832 me-

487 863 571 909 diis
601 861 821 909 florendo
845 861 988 925 surgit
1011 863 1170 923 aquis,
1207 865 1495 927 germinibus
1522 864 1756 926 pluribus,

485 954 626 1001 quam
659 941 868 1003 quinque
905 941 1173 1001 conspicua.

964 1187 1143 1247 Claffis
1184 1187 1268 1244 111.

819 1310 874 1369 G
912 1309 956 1368 R
993 1311 1046 1366 A
1086 1310 1154 1367 M
1194 1309 1216 1365 I
1255 1307 1315 1365 N
1354 1307 1420 1366 A.

474 1449 661 1578 Non
706 1452 872 1500 desunt
909 1452 958 1498 in
993 1452 1082 1498 hac
1121 1452 1263 1497 etiam
1301 1448 1437 1496 classe
1475 1459 1606 1496 notae
1644 1447 1749 1494 satis

624 1530 881 1580 manifestae
905 1566 921 1591 ,
972 1532 1142 1592 quibus
1185 1531 1241 1576 ab
1275 1529 1374 1574 aliis
1415 1540 1471 1573 ea
1511 1526 1556 1574 se
1598 1527 1752 1575 distin·

469 1623 621 1677 guat,
678 1611 889 1660 sufficere
931 1611 1033 1658 fere
1071 1609 1225 1671 posset
1269 1608 1392 1655 solus
1439 1608 1613 1667 calyx,
1667 1609 1749 1668 qui

468 1693 650 1753 semper
684 1691 733 1736 in
763 1689 1050 1751 graminibus
1087 1687 1153 1733 est
1180 1684 1364 1752 gluma,
1399 1684 1446 1729 id
1474 1684 1569 1744 est,
1608 1687 1749 1746 calyx

470 1769 663 1830 rigidior
684 1803 700 1827 .‚
739 1769 925 1828 qualem
955 1768 1307 1814 frumentorum
1338 1763 1514 1823 species
1549 1778 1745 1827 omnes,

469 1849 516 1895 δε
541 1847 749 1911 gramina
779 1846 861 1907 ipsi
893 1847 1042 1908 vulgo
1078 1845 1140 1892 sic
1174 1844 1293 1891 dicha
1327 1842 1584 1904 exhibent,
1633 1859 1746 1893 con-

466 1929 591 1977 stans
621 1943 647 1974 e
670 1927 851 1975 laminis
878 1928 1128 1988 oblongis,
1166 1925 1365 1972 omnino
1394 1924 1550 1982 ficeiS,
1574 1938 1742 1983 aquam

466 2011 748 2072 pluuiasque
775 2007 963 2068 prorsus
994 2006 1324 2063 eludentibusss,
1363 2012 1577 2050 ceterum
1595 2019 1742 2065 papy-

463 2102 613 2134 raceae
645 2086 908 2144 firmitatis‚
942 2084 988 2129 &
1014 2081 1373 2144 quodammodo
1402 2080 1572 2127 striatis
1602 2097 1627 2128 a
1654 2098 1740 2143 po-

463 2165 575 2213 tiori
596 2200 611 2225 ‚
648 2164 767 2225 saepe
797 2163 991 2225 aristatis
1012 2198 1028 2220 ,
1073 2161 1297 2208 nimirum
1326 2158 1376 2204 in
1404 2159 1586 2223 aristam
1605 2195 1621 2220 ‚
1655 2164 1741 2209 vel

462 2246 759 2295 filamentum
783 2243 972 2304 rigidius
991 2277 1006 2302 ‚
1042 2251 1190 2288 tenue
1210 2275 1225 2297 ,
1261 2248 1455 2284 acutum
1476 2275 1492 2298 ,
1522 2254 1739 2303 pungens

466 2325 827 2374 excurrentibus
848 2359 862 2382 .,
901 2338 954 2369 ac
988 2320 1250 2369 terminatis
1274 2353 1290 2377 a
1338 2318 1627 2378 quandoque
1659 2335 1737 2366 au-

466 2418 564 2456 tem
597 2405 853 2455 inermibus
875 2438 891 2463 a
939 2415 1088 2462 eaque
1123 2397 1379 2459 vegetabili
1415 2411 1502 2442 acu
1540 2402 1736 2447 carenti-

462 2489 551 2537 bus
580 2519 595 2544 ,
652 2498 748 2544 quo
796 2483 845 2530 in
895 2481 999 2528 casu
1046 2476 1209 2545 glumae
1254 2483 1498 2521 vocantur
1541 2473 1730 2525 muticae.

460 2563 559 2612 Iam
597 2576 718 2610 vero
753 2576 808 2607 ea
845 2560 1107 2622 graminum
1143 2557 1301 2618 gluma
1340 2555 1489 2601 modo
1529 2553 1598 2600 est
1635 2557 1735 2605 vni.

459 2639 625 2700 ualuis,
657 2639 831 2702 mode,
866 2647 924 2687 vt
944 2637 991 2686 in
1015 2636 1232 2700 pluribus
1252 2634 1470 2696 obtinet,
1511 2632 1578 2684 est
1596 2631 1733 2683 binah

1636 2726 1728 2775 ms,
