1881 3137
332 202 400 259 14
801 176 1284 236 PROLOGVS

314 292 578 350 naturales
613 295 753 351 iuxta
784 313 1031 352 normam
1066 295 1347 368 systematis
1382 298 1474 359 ita,
1513 310 1572 353 vt
1595 296 1748 363 clauis

316 386 383 441 ab
439 402 547 441 vno
602 386 861 459 principio
921 386 1147 459 petenda
1195 388 1508 444 obtineatur.
1608 388 1748 445 Hinc

315 474 492 547 operis
528 488 671 545 patet
717 475 887 536 ratio,
950 473 1244 547 fiamque,
1303 492 1398 530 cur
1430 473 1619 531 nullius
1642 510 1656 537 ‚
1718 494 1747 542 a

317 578 644 638 quocunque
693 560 915 617 demum
957 562 1196 620 Aufi'tore
1249 563 1414 625 datis,
1480 565 1747 638 principiis

314 652 616 708 adhaeserim
640 694 655 719 ,
712 651 794 708 sed
827 652 939 708 solis
974 655 1194 711 Naturae
1232 655 1436 730 legibus
1476 654 1747 712 adstriss'tus

316 743 623 801 eclefficum
657 762 815 818 agere
851 746 1226 803 constituerim.
1344 745 1503 802 Vnde
1545 743 1749 803 faetum

312 833 423 898 est,
485 850 544 892 vt
579 835 787 898 classes,
849 855 977 910 quas
1023 853 1140 894 ante
1184 855 1274 893 me
1312 839 1463 911 pauci
1495 836 1747 893 dederant

313 923 417 983 alii,
457 923 717 979 naturales
742 923 1059 982 seruaueri'm
1073 962 1086 989 ,
1128 927 1307 1000 plures
1329 925 1747 990 introduxerim,

313 1018 373 1072 δε
408 1013 634 1087 reliquas
670 1013 880 1069 seorfim
913 1015 1265 1073 exhibuerim.
1347 1016 1406 1070 In
1441 1016 1747 1080 Ordinibus,

309 1102 617 1178 ubicunque
645 1103 846 1160 admifit
864 1105 1094 1167 Natura,
1135 1107 1312 1179 potius
1333 1123 1359 1160 a
1384 1103 1543 1168 flore,
1584 1121 1747 1178 quam

308 1195 492 1253 frussiu
526 1194 666 1269 signa
700 1194 1014 1270 diagnostica
1054 1211 1237 1269 petere
1264 1195 1561 1252 consultum
1597 1196 1747 1259 duxi,

309 1305 378 1345 ne
403 1287 562 1360 longa
595 1287 749 1341 nimis
775 1304 926 1343 mora
958 1287 1171 1343 taedium
1205 1302 1432 1351 crearet,
1472 1303 1748 1344 maturum

311 1372 553 1433 fruetum
585 1376 899 1450 expeEtanti.
985 1378 1060 1433 Vt
1091 1392 1269 1433 autem
1301 1393 1405 1434 tres
1439 1376 1610 1434 classes
1643 1395 1750 1434 ma-

311 1467 452 1520 xime
484 1469 619 1520 inter
649 1465 697 1520 se
734 1465 958 1528 adfines,
1008 1466 1207 1539 palmas
1238 1484 1467 1540 nempe,
1521 1466 1647 1529 lilia,
1690 1471 1751 1528 δε

310 1560 548 1631 gramina
609 1559 859 1632 proxime
917 1557 1009 1614 fibi
1060 1559 1289 1613 inuicem
1341 1556 1750 1629 subiungerem,

312 1665 437 1703 cum
460 1647 775 1722 Caesalpino,
821 1647 1054 1722 Raioque
1087 1661 1273 1703 notam
1310 1644 1512 1702 assumfi
1545 1664 1573 1702 a
1602 1658 1752 1719 cotyq

313 1738 620 1801 ledonibus‚
672 1736 788 1799 seu,
830 1737 979 1812 quod
1012 1736 1206 1794 reffius
1238 1736 1452 1799 dicitur,
1500 1752 1527 1792 a
1559 1733 1755 1809 germi-

312 1845 408 1893 ne,
443 1826 620 1882 semen
652 1830 758 1882 axis
795 1828 950 1884 instar
984 1825 1309 1901 perforante.
1389 1824 1751 1899 Compofitas‚

315 1936 434 1992 quae
477 1915 739 1973 decimam
784 1914 925 1973 forte
970 1932 1180 1991 partem
1233 1918 1478 1972 omnium
1522 1917 1753 1988 cognita,-

315 2026 438 2065 rum
488 2007 731 2081 stirpium
769 2008 1094 2072 conficiunt,
1168 2007 1466 2081 puriffimas
1520 2004 1752 2065 seruauis

316 2117 414 2156 nee
445 2097 641 2172 spurias
669 2097 798 2155 vllas
818 2134 835 2162 ‚
886 2115 975 2155 aut
1013 2100 1322 2174 peregrinas
1350 2098 1444 2154 illis
1472 2094 1725 2154 immiscui
1736 2102 1752 2166 '3

315 2185 368 2242 id
401 2188 549 2259 quod
584 2192 645 2248 &
678 2189 731 2244 in
770 2192 1113 2256 amentaeeiS,
1161 2182 1536 2248 umbelliferiS,
1573 2187 1757 2242 tricoc-

315 2278 414 2337 cis,
455 2263 809 2352 tingentibus,
851 2279 1126 2354 fissquosis,
1170 2273 1554 2338 columniferis‚
1594 2279 1656 2335 ὃς
1683 2276 1757 2331 le'-

320 2366 610 2440 guminofis
642 2369 853 2441 praestiti
876 2405 894 2434 ‚
947 2388 1045 2425 nec
1082 2386 1187 2423 non
1228 2370 1280 2422 in
1313 2366 1525 2438 reliquis
1562 2363 1756 2421 ordini-

320 2455 420 2513 bus
466 2458 788 2517 naturalibus
831 2460 977 2518 haud
1032 2460 1224 2533 paucis
1339 2456 1560 2512 Nouam
1613 2457 1754 2510 enim

318 2546 498 2607 viam,
555 2564 662 2621 qua
702 2551 888 2623 pauci,
941 2548 1029 2606 vel
1067 2547 1196 2603 nulli
1237 2559 1357 2602 ante
1403 2563 1492 2602 me
1529 2543 1756 2600 Botanici

322 2632 658 2703 incesserant,
717 2639 926 2715 ingredi
969 2638 1167 2702 malui,
1227 2653 1391 2711 quam
1430 2650 1539 2694 tuta
1579 2636 1755 2692 minus

1547 2724 1757 2782 alterius
