1881 3137
565 128 1042 190 PROLOGVS.
1459 143 1529 201 17

103 258 301 315 vtinam
333 252 434 309 sola
459 253 699 318 corollae,
738 250 1053 325 frui-Ilusque
1074 248 1241 323 figura
1270 264 1380 307 non
1402 264 1528 307 con-·

104 361 314 406 tentus,
374 342 598 416 requuas
640 359 860 417 quoque
903 338 1310 397 fruffificafiouis
1349 354 1524 413 partes

102 453 204 494 vna
244 450 368 490 cum
415 431 538 490 sexu
578 432 878 508 plantarum
917 426 1234 507 agnouisset!
1313 428 1463 484 Alter
1493 448 1522 486 a

102 520 497 581 Tournefortio
519 557 535 585 ‚
587 524 677 596 qui
710 521 903 597 aliquid
935 522 988 576 in
1014 519 1296 595 generibus
1327 519 1521 592 praesti-

101 616 184 677 tit,
222 611 323 670 fuit
354 613 629 670 Linnaeus:
671 613 774 670 Hic
802 613 962 669 serior
996 609 1242 668 accedens
1254 643 1270 673 ‚
1309 607 1395 664 sed
1428 608 1520 665 do-

100 705 260 768 Εὶῐοτ,
314 721 499 761 omnes
533 707 586 760 in
623 702 1024 761 determinando
1061 717 1259 778 genere
1303 697 1521 756 fruetifi-

99 795 311 851 cationis
333 807 508 868 partes
538 793 764 858 admifit‚
804 795 1029 855 &iuxta
1059 806 1207 848 notas
1237 792 1290 846 in
1319 790 1375 847 iis
1395 806 1519 846 con-

100 883 416 947 stantiffimas
449 884 628 957 paucis
659 885 726 939 ita
755 881 1014 958 descripsit
1034 917 1049 944 ,
1107 895 1165 937 vt
1197 878 1520 938 chara&eres

99 976 209 1034 eius
242 974 488 1032 omnibus
528 973 790 1032 methodis
811 1016 826 1040 ,
884 991 912 1029 a
944 989 1261 1048 quacunque
1295 972 1518 1030 demum

99 1060 505 1120 fruffificationis
535 1079 686 1138 parte
718 1061 1001 1136 desumptis
1033 1061 1279 1117 inseruire
1308 1076 1518 1135 queant.

99 1151 218 1209 Hos
253 1170 356 1227 ego
388 1153 711 1210 charaeteres
745 1151 916 1227 rigido
959 1153 1105 1226 prius
1145 1152 1368 1206 examini
1402 1150 1519 1206 sub-

98 1244 261 1302 iefitos
293 1247 576 1302 maximam
607 1258 814 1320 partem
847 1243 1127 1318 adoptaui,
1176 1246 1238 1302 &
1268 1258 1416 1297 meos
1445 1240 1519 1297 fe-

98 1335 159 1391 ci.
234 1334 333 1390 His
366 1334 551 1392 similes
582 1336 732 1399 alios,
777 1334 868 1390 vbi
896 1350 1035 1391 noua
1058 1331 1407 1389 occurrebant
1429 1349 1519 1406 ge-

97 1439 224 1479 nera
244 1457 261 1485 ,
319 1427 558 1481 constitui
593 1430 654 1485 &
687 1423 987 1493 elaboraui3
1046 1437 1204 1496 atque
1239 1421 1320 1477 his
1362 1424 1518 1479 etiam

97 1524 214 1564 vtar
245 1508 386 1572 solis,
426 1511 597 1567 donec
619 1509 748 1566 alter
769 1506 1138 1582 perfeetioreffi
1177 1523 1265 1565 aut
1287 1509 1515 1584 pulcrio-

96 1615 182 1658 res
219 1600 437 1658 dederit.

219 1693 310 1750 Vti
336 1710 478 1751 nunc
498 1692 688 1751 Classes
711 1691 796 1750 vel
828 1691 1087 1751 naturales
1114 1692 1259 1761 sunt,
1297 1693 1383 1751 vel
1406 1694 1521 1751 arti-

107 1781 318 1849 ficiales,
353 1785 418 1841 ita
450 1789 510 1846 &
540 1802 761 1859 genera;
802 1785 1014 1842 Genera
1037 1786 1234 1861 quaeuis
1258 1786 1521 1849 naturalia,

112 1891 172 1935 vt
218 1893 344 1934 vera
403 1880 464 1937 ὃς
503 1878 701 1950 optima
756 1877 981 1951 agnosco
1002 1912 1018 1940 ,
1073 1875 1342 1933 artificialia
1389 1894 1522 1934 vero

114 1970 289 2024 omnia
308 2002 324 2031 ‚
364 1981 422 2026 vt
450 1965 564 2024 falfa
594 1971 655 2027 &
684 1966 894 2042 indigna
927 1967 1100 2024 reiicio
1116 2000 1133 2029 ‚
1182 1982 1306 2022 nam
1335 1963 1401 2021 de
1432 1978 1522 2036 ge-

112 2057 324 2114 neribus
359 2058 674 2115 naturalibus
705 2057 845 2115 nulla
875 2074 1112 2132 vnquam
1143 2059 1279 2113 inter
1313 2055 1523 2128 Sapien-

111 2162 189 2205 tes
222 2149 319 2203 erit
348 2149 699 2204 controuersia
721 2182 736 2210 ‚
776 2149 842 2204 de
873 2146 1214 2204 artificialibus
1243 2161 1375 2203 vero
1404 2159 1524 2218 per-

112 2252 286 2313 petuae
318 2236 455 2300 lites,
506 2239 652 2311 quia,
693 2236 947 2311 quamdiu
982 2236 1209 2294 Botaniei
1240 2237 1293 2291 in
1325 2250 1522 2309 genere

110 2331 433 2388 conueniunt
461 2329 679 2391 eodem,
720 2327 920 2384 tamdiu
947 2326 1087 2383 nulla
1110 2325 1380 2384 dubitandi
1410 2322 1523 2380 ansa

111 2420 453 2496 relinquitur,
504 2421 906 2495 quamprimum
949 2432 1126 2474 autem
1162 2420 1215 2474 in
1245 2434 1309 2472 eo
1342 2412 1523 2472 dissen-

112 2509 270 2573 tiunt,
317 2513 540 2568 maxima
571 2528 700 2568 mox
729 2512 898 2567 oritur
926 2504 1163 2564 confusio
1181 2541 1198 2571 ‚
1246 2511 1307 2567 &
1335 2518 1521 2562 rerum

115 2603 358 2660 omnium
391 2603 746 2676 perturbatio,
799 2620 991 2674 verum
1011 2637 1027 2667 ‚
1065 2599 1278 2660 simulac
1305 2617 1332 2655 a
1356 2595 1524 2671 priori

872 2694 920 2753 C
1381 2687 1525 2763 prin-
