1881 3137
463 161 571 221 174
804 143 1157 204 cLAssls
1204 146 1370 205 xiv.

768 287 947 345 Claffis
985 288 1131 345 XIV.
1212 289 1343 346 Ord.
1384 308 1435 348 2.

551 407 1231 470 COLVMNIFERAE
1308 411 1658 471 CALYCE

914 515 1294 575 DVPLICI.

189 659 429 716 Explicatio
569 652 733 702 Habet
766 656 906 704 etiam
937 657 1015 704 hic
1042 657 1163 703 ordo
1194 672 1347 717 pauca
1364 655 1447 704 sub
1480 656 1526 703 se
1559 670 1749 719 genera,

190 710 455 811 glraAEiSJIV-
473 733 609 795 plura
636 743 796 784 tamen
822 738 1008 797 priore,
1042 737 1244 798 plurima
1270 736 1375 783 satis
1406 735 1684 797 frequenter
1705 738 1754 782 in

193 826 456 887 columniferfe·
474 818 649 879 campis
684 818 728 865 &
761 819 915 865 hortis
948 818 1216 865 Germaniae
1244 830 1508 866 occurrunt
1528 855 1542 881 ,
1593 819 1755 868 omnia

193 880 724 946 calyceduplzczmanifesto
769 899 946 961 duplici
990 900 1182 960 calyce,
1239 901 1331 947 alio
1376 899 1485 960 post
1519 902 1660 948 alium
1696 899 1755 948 ad

475 978 680 1037 aliquam
716 976 980 1026 distantiam
1012 977 1168 1038 posito
1201 975 1246 1023 se
1287 977 1556 1024 discernunt
1589 980 1645 1026 ab
1680 992 1757 1025 or-

476 1059 586 1106 dine
617 1058 793 1119 priore.
888 1058 1089 1105 Potiora
1117 1071 1291 1119 genera
1322 1057 1454 1105 sunt:
1498 1057 1756 1118 Lauatera‚

477 1140 611 1187 cuius
651 1138 828 1200 species
862 1141 911 1187 in
939 1140 1092 1187 hortis
1121 1140 1373 1199 coluntur,
1411 1137 1586 1197 malua,
1623 1138 1758 1185 cuius

478 1222 634 1282 aliqua
675 1220 852 1283 species
892 1220 1112 1269 siluestris
1155 1221 1337 1267 virtute
1375 1219 1610 1266 medicata
1642 1219 1762 1265 cele-

478 1303 575 1348 bris
615 1299 683 1347 est
720 1301 997 1348 emolliente
1039 1300 1088 1347 in
1120 1299 1276 1360 foliis,
1313 1298 1538 1358 fioribus,
1575 1298 1761 1359 radice,

485 1391 628 1442 atque
658 1380 859 1442 semine,
895 1379 1082 1440 althaea,
1120 1396 1223 1442 quae
1255 1382 1432 1442 pariter
1456 1377 1660 1440 speciem
1685 1380 1765 1427 ha-

485 1466 570 1511 bet
596 1464 644 1508 in
674 1462 801 1508 foliis
835 1463 880 1507 &
907 1463 1065 1508 radice
1092 1462 1227 1508 simili
1255 1463 1439 1507 virtute
1464 1461 1662 1521 claram,
1698 1458 1768 1508 al-

483 1559 581 1600 cea,
615 1554 777 1598 mena,
809 1543 1033 1601 trionum,
1069 1538 1275 1605 hibiscus,
1312 1543 1395 1590 vel
1421 1541 1607 1598 lemnia,
1630 1542 1770 1610 gossy-

481 1625 633 1690 pium,
684 1635 788 1681 quae
826 1636 1000 1685 genera
1027 1622 1076 1668 in
1106 1621 1257 1670 hortis
1287 1622 1573 1684 potissimum
1603 1624 1769 1671 colun-

485 1719 594 1765 tur,
651 1703 765 1750 licet
804 1706 946 1751 etiam
988 1702 1116 1752 alceae
1158 1702 1335 1764 species
1368 1706 1602 1752 habeatur
1636 1707 1771 1755 filue-

486 1786 619 1844 stris,
678 1780 836 1829 maluae
866 1796 1013 1844 genus
1051 1782 1356 1828 multitudine
1382 1782 1672 1845 specierum,
1724 1786 1772 1832 &

492 1866 632 1927 copia
657 1864 964 1925 superbarum
984 1861 1172 1925 prorsus
1196 1863 1485 1911 varietatum
1510 1865 1634 1911 inter
1662 1863 1772 1911 hor-

493 1946 685 1992 tulanos
719 1957 937 2005 magnam
964 1942 1170 1991 nominis
1198 1942 1371 1990 famam
1399 1942 1589 1991 nacTtum
1620 1943 1704 1990 est.

970 2173 1150 2231 Claffis
1188 2175 1310 2233 XV.

697 2296 1634 2363 Ῑ-ΑΕΕῩῙΜῙΝΟΞΛἘ.7

223 2464 459 2521 Explicatio
663 2451 964 2513 pericarpii8‚
1020 2451 1066 2500 &
1106 2451 1336 2501 fructibus
1383 2465 1563 2500 nomen
1603 2451 1785 2501 habent

226 2517 484 2630 ἓῖἑῖξίἐέ·
664 2531 863 2590 plantae,
910 2544 1024 2590 quas
1054 2531 1196 2578 claffis
1229 2532 1330 2578 haec
1367 2530 1618 2593 describit,
1665 2533 1787 2593 peri-

509 2607 719 2669 carpium
749 2610 875 2657 enim
900 2610 1082 2670 vbique
1113 2610 1309 2678 legumen
1340 2610 1436 2671 est,
1474 2609 1651 2660 scilicet
1683 2626 1788 2672 cap-

1691 2688 1790 2736 sula
