1881 3137
281 160 319 217 6
754 140 1228 202 PROLOGVS.

289 277 487 333 florum
525 270 792 327 criterium
823 265 1110 336 exhibete3
1169 263 1335 318 statuo
1364 260 1562 334 igi-tur,
1601 276 1703 334 pro

288 370 460 423 tisone
490 363 753 418 botanices
780 357 1103 414 definitiones
1131 355 1514 415 recentiorum,
1559 351 1708 425 quod

291 457 355 513 ad
387 457 491 512 hoc
526 470 693 528 genus
727 452 930 511 attinet,
984 466 1093 504 non
1126 445 1394 509 sufficere,
1432 460 1491 501 vt
1521 459 1586 499 ex
1617 441 1712 514 illis

293 547 526 622 plantam
562 544 653 598 fibi
686 557 796 595 non
825 539 1090 612 cognitam
1124 539 1361 594 inuenire
1390 535 1546 609 poffit
1567 568 1583 596 ‚
1622 531 1714 588 nisi

295 641 551 701 addatur:
600 633 722 691 folia
761 631 952 687 omnia
978 628 1078 684 esse
1121 627 1352 685 radicaIia
1375 662 1390 691 ‚
1438 626 1717 698 caulesque

295 725 608 804 squamosos.
688 721 757 776 Et
792 719 858 775 fic
888 718 1017 774 mihi
1051 717 1269 792 quidem
1299 717 1501 773 cIarum
1524 714 1628 776 est,
1666 712 1720 766 in

297 822 403 877 hoc
441 832 638 892 genere
677 827 789 868 non
831 829 860 865 e
896 809 998 866 sola
1039 809 1272 872 florum,
1332 806 1720 876 fructuumque

299 905 709 967 consideratione
738 899 1097 957 definitionem
1128 898 1234 971 peti
1256 894 1428 970 poffe,
1471 891 1620 968 quod
1647 891 1724 945 in-

301 1019 478 1079 genue
511 995 659 1052 fateri
693 1009 863 1067 cogor
886 1028 900 1055 ,
942 991 1030 1046 etsi
1059 1007 1230 1046 cetera
1252 988 1426 1045 nullus
1454 986 1724 1046 dubitem,

304 1098 396 1155 vbi
448 1087 736 1148 differentia
783 1086 1025 1159 generica
1071 1101 1139 1139 ex
1187 1083 1321 1138 hisce
1368 1081 1475 1156 peti
1523 1075 1727 1152 potest,

306 1184 555 1246 omnibus
599 1178 703 1235 aIiis
741 1178 877 1234 notis
919 1174 1010 1231 has
1053 1173 1153 1230 effe
1188 1170 1558 1246 praeferendas,
1644 1167 1729 1225 Eo

307 1278 574 1354 pertinent
614 1272 767 1327 etiam
792 1304 807 1331 ,
863 1284 983 1342 quae
1027 1284 1079 1341 p.
1111 1265 1231 1321 XIII
1270 1264 1337 1321 de
1376 1262 1477 1319 sola
1511 1259 1732 1317 inculcat

311 1366 599 1440 tuffilagine
618 1398 633 1426 ‚
672 1359 802 1436 quid
832 1374 964 1415 vero
985 1392 1001 1419 ,
1038 1357 1278 1430 inquiens
1296 1392 1313 1419 ‚
1352 1357 1420 1414 de
1444 1354 1731 1427 tuffilagine

311 1456 514 1519 dicam?
554 1468 696 1510 certe
722 1453 776 1505 in
807 1446 1067 1503 methodo
1092 1446 1334 1502 artificiali
1367 1449 1476 1501 eius
1505 1443 1735 1502 definitio

311 1545 553 1623 generica
567 1537 854 1597 secundum
871 1535 1148 1591 Linnaeana
1160 1536 1413 1608 principia
1424 1536 1512 1590 vix
1525 1533 1737 1588 exhibe-

315 1641 359 1696 ri
394 1633 603 1711 poterit.
680 1627 940 1686 Videmus
962 1658 979 1688 ‚
1025 1639 1211 1681 natura
1246 1625 1381 1683 duce
1401 1659 1418 1688 ‚
1458 1623 1742 1698 Tuffilagi÷

315 1745 444 1786 nem
484 1730 546 1786 &
579 1718 905 1780 Petasitidem
937 1718 992 1771 in
1029 1732 1204 1772 vnum
1248 1733 1418 1791 genus
1463 1717 1739 1791 coniungi,

317 1820 498 1898 prouti
516 1817 652 1872 hane
673 1813 828 1868 etiam
848 1806 1152 1865 affinitatem
1173 1811 1472 1884 genericam
1490 1809 1744 1867 Linnaeus

318 1930 427 1973 tam
459 1912 513 1965 in
546 1905 642 1962 suis
675 1900 960 1978 generibus
982 1934 998 1965 ‚
1051 1919 1216 1975 quam
1248 1899 1517 1975 speciebus
1550 1901 1746 1975 planta-

319 2016 444 2060 rum
478 1994 714 2052 admittit.

435 2085 539 2142 Hae
560 2083 815 2140 nimirum
843 2079 1231 2137 obseruationes
1259 2079 1461 2137 ducunt
1488 2095 1590 2137 nos
1614 2096 1750 2156 prae«

325 2177 481 2251 cipue
510 2171 575 2228 ad
605 2169 744 2226 illam
775 2167 1081 2242 palmariam
1112 2169 1587 2227 recentiffimorum
1603 2167 1752 2242 syste-

327 2277 502 2323 matum
535 2263 846 2318 botanicorum
878 2257 1226 2318 dIfferentiam
1248 2298 1264 2326 ‚
1321 2263 1658 2319 dirimentem
1691 2279 1750 2318 ea

327 2357 415 2415 vel
443 2357 496 2411 in
527 2355 797 2417 naturalia,
847 2351 935 2408 vel
959 2350 1260 2425 artificialia,
1314 2370 1433 2426 quae
1462 2351 1751 2425 posteriora

333 2437 486 2497 multi
519 2439 674 2494 etiam
712 2439 979 2514 appellare
1008 2439 1311 2512 philofhphica
1351 2439 1752 2500 consueuerunt.

331 2529 468 2587 Non
489 2525 744 2593 diffiteor,
783 2528 892 2588 suas
913 2546 1205 2607 Vtrumque
1229 2531 1565 2606 systematum
1586 2551 1756 2608 genus

332 2636 584 2695 premere
609 2619 954 2690 difficultates
979 2629 1042 2686 ὃ(
1063 2622 1440 2683 commendare
1465 2640 1756 2699 Vtrumque

1647 2711 1759 2769 suas
