1881 3137
420 130 1090 196 VMBELLIFERAE.
1273 142 1380 200 107

93 262 203 324 —ipfis
236 263 363 310 veris
400 258 605 306 flosculis
639 256 765 304 haud
784 268 951 316 parum
984 251 1257 311 distantem,
1296 264 1380 311 po-

96 342 228 390 sitam
263 341 578 402 vtplurimum
621 339 745 385 circa
788 346 947 383 ortum
992 331 1234 379 radiorum
1273 345 1380 377 cen-

98 425 292 483 tralem,
330 422 412 469 vel
435 423 694 480 maiorum,
729 420 776 465 in
812 432 932 479 quos
963 426 1202 464 extremus
1234 413 1379 462 caulis

96 503 407 562 terminatur,
463 503 546 547 vel
583 502 851 559 minorum,
906 500 953 544 in
995 510 1115 558 quos
1159 497 1379 557 partiales

95 580 163 627 illi
200 579 316 626 radii
357 581 604 629 finduntur
650 580 838 639 denuo,
889 578 1048 637 vnde,
1093 576 1167 622 vti
1194 574 1380 624 vmbella

99 660 271 706 dicitur
312 660 573 725 vniuersalis
616 662 695 708 ille
742 674 892 707 conus
940 657 1125 705 radialis
1166 656 1377 704 inuersus

99 739 277 798 maior,
314 741 521 800 primus,
559 743 606 788 in
636 754 777 800 quem
802 746 1041 786 extremus
1074 736 1247 797 plantae
1275 751 1380 784 cau-

102 819 157 864 lis
188 817 377 878 finitur,
416 819 461 865 &
483 818 679 868 vmbellae
704 816 918 884 partiales
944 818 1011 864 illi
1044 816 1155 863 coni
1173 815 1381 862 minores

101 897 274 946 inuersi
309 899 511 959 radiati,
570 914 691 961 quos
730 900 941 946 formant
980 905 1192 945 extrema
1239 896 1383 943 maio-

102 990 207 1023 rum
241 977 514 1038 radiorum,
563 981 629 1027 ita
657 978 907 1026 inuolucra
939 977 1046 1024 sunt
1076 974 1382 1034 vniuersalia,

105 1072 211 1118 quae
241 1057 500 1106 maioribus
530 1057 759 1105 substrata
787 1058 917 1118 sunt,
971 1057 1017 1103 &
1043 1056 1385 1108 mihiel-fidibus

97 1137 358 1198 vmbeuis,
399 1136 618 1202 partialia
651 1136 904 1198 inuolucra,
955 1151 1058 1198 quae
1089 1138 1382 1200 minoribus,

109 1222 154 1268 &
182 1221 460 1281 partialibus
498 1220 664 1268 eadem
691 1221 879 1269 ratione
907 1219 1118 1268 seruiunt
1147 1220 1385 1268 Vmbellis.

109 1300 209 1368 Qui
241 1299 408 1347 obiicit
428 1297 585 1361 forte,
622 1299 724 1347 haec
748 1300 952 1348 foliacea
978 1299 1387 1347 vmbelliferarum

108 1388 390 1428 ornamenta
430 1378 513 1425 sub
544 1379 635 1427 hac
679 1381 735 1428 ab
771 1380 876 1441 ipsis
912 1378 1040 1425 veris
1082 1377 1286 1426 flosculis
1326 1377 1389 1424 di-

105 1459 280 1508 stantia
315 1471 417 1505 non
456 1449 589 1519 poffe
619 1458 982 1510 inuolucrorum
1016 1458 1210 1519 proprie
1246 1458 1390 1506 dicto-

109 1552 217 1588 rum
243 1537 378 1583 vices
407 1550 572 1598 gerere
592 1574 608 1598 ,
643 1538 783 1586 facile
811 1538 1019 1587 solutum
1046 1539 1232 1587 nodum
1259 1540 1391 1588 inue-

109 1619 238 1677 niet,
289 1614 402 1662 dum
449 1619 655 1679 cogitat,
685 1620 765 1667 ita
797 1619 990 1680 quidem
1024 1635 1126 1669 non
1165 1635 1391 1682 apparere

101 1699 160 1746 in
190 1693 395 1744 flosculis
438 1699 713 1759 explicatis,
755 1698 801 1744 &
827 1702 1131 1761 patentibUS,
1168 1715 1287 1747 vere
1315 1715 1394 1748 au·

109 1789 211 1828 tem
254 1789 339 1823 eos
386 1776 610 1828 obseruat
643 1780 946 1829 inuoluendo
997 1779 1243 1828 custodire·
1283 1790 1394 1828 ante

112 1857 236 1906 hanc
264 1857 666 1921 explicationem,
711 1861 795 1909 sub
833 1875 983 1922 eaque
1020 1860 1224 1922 periodo
1269 1859 1396 1908 arcte

114 1939 161 1988 se
196 1936 292 1985 istis
331 1951 399 1985 eo
432 1937 533 1986 fine
565 1943 830 2003 applicare,
868 1940 978 2003 post
1017 1942 1208 2002 plenam
1234 1947 1395 1988 autem

116 2017 489 2080 explicationem
525 2021 738 2069 multum
775 2021 1001 2069 recedere
1019 2055 1035 2081 ,
1087 2020 1201 2081 quin
1237 2020 1397 2080 paffim

118 2113 273 2163 ocyus
303 2097 558 2160 decidere,
592 2101 723 2148 vnde
758 2101 878 2163 saepe
906 2102 1170 2149 Tironibus
1211 2101 1397 2149 botani-

115 2185 184 2232 cis
214 2183 295 2232 diu
323 2183 382 2231 ab
408 2183 732 2244 explicatione
760 2184 892 2232 floris
935 2187 1119 2246 plantas
1157 2184 1241 2231 has
1274 2184 1398 2231 intu-

114 2261 337 2323 entibus,
383 2276 488 2322 quae
517 2260 655 2324 supra
684 2273 853 2312 notata
882 2263 1129 2312 difficultas
1158 2263 1277 2324 fuit,
1317 2278 1397 2311 na-

114 2343 259 2393 scitur
289 2339 582 2392 discernendi
614 2340 833 2404 ordineS,
882 2343 928 2390 &
959 2342 1237 2404 decidendi,
1285 2355 1401 2390 num

118 2425 332 2487 duplici,
390 2438 508 2473 num
551 2423 702 2472 vnico
722 2459 739 2486 ,
795 2425 996 2472 nulloue
1038 2424 1216 2472 donata
1253 2420 1402 2472 fuerit

119 2502 421 2551 vmbellifera
449 2502 741 2550 inuolucro‘?
785 2504 992 2566 etenim,
1025 2503 1263 2551 mittendo
1297 2503 1404 2550 cha-

115 2577 348 2631 meterem
391 2595 452 2630 ex
491 2582 715 2642 vmbellae
755 2583 1051 2647 fimplicitate
1069 2617 1087 2648 ,
1130 2583 1215 2631 vel
1246 2583 1402 2633 multi-

730 2663 776 2711 O
816 2678 842 2712 2
1312 2658 1398 2722 pli*
