1881 3137
276 141 599 210 cLAvEM
634 140 1242 208 ILLVSTRANTES.
1317 164 1425 226 451

117 263 328 317 sufficere
370 266 640 315 ordinandis
685 280 896 331 congrue
937 269 1108 329 plantis
1151 271 1391 333 plurimiS,

118 364 222 413 quae
240 349 503 409 restabant,
541 349 758 411 confugit
773 349 960 397 Aufior
983 348 1052 395 CL
1078 347 1134 395 ad
1159 348 1268 395 alias
1297 349 1392 395 fru-

113 430 406 479 &ificationis
425 439 610 491 parteS‚
647 430 875 478 nimirum
893 429 1116 494 stamina,
1149 441 1253 489 quae
1277 430 1385 477 alibi

110 512 233 558 vidit
250 511 297 558 in
319 519 495 571 totum,-
517 511 624 559 alibi
642 525 701 557 ex
723 521 860 571 parte
885 520 1014 557 certe
1030 517 1388 570 connata,quae-

106 589 214 638 dam
244 590 422 638 offerre
451 590 695 654 singularia
723 590 913 650 prorsus
931 626 947 651 ,
986 604 1136 650 eaque
1170 588 1385 637 consta-n-

104 668 196 728 tia,
232 681 373 715 nouae
404 667 662 729 profutura
688 667 950 731 digestioni.
1018 667 1383 716 Animaduerte-

103 757 178 797 rat
204 749 289 797 fic:
338 748 534 796 stamina
562 750 643 797 ina
678 757 783 795 tota
810 749 958 797 modo
984 748 1183 796 infidere
1213 748 1378 811 germi-

100 829 177 889 ni,
197 827 328 875 vnde
348 827 579 875 decimam
598 827 726 875 suam
750 829 1016 877 construxit
1036 828 1245 890 classem,
1276 843 1377 878 mo-

101 910 163 958 do
202 908 372 958 inserta
408 908 499 956 effe
548 909 817 970 perianthio
839 940 855 965 ,
915 909 1044 957 vnde
1076 909 1375 958 undecimam

96 988 371 1049 constituit,
417 987 566 1035 modo
609 986 918 1051 longitudinis
959 987 1256 1038 constantem
1297 991 1373 1038 ali-

94 1081 233 1128 quam
260 1067 386 1114 inter
414 1064 460 1113 se
491 1062 742 1113 obseruare
769 1068 1168 1128 proportionem,
1204 1068 1253 1115 id
1273 1069 1368 1128 est,

90 1145 470 1209 proportionatis
496 1144 621 1192 inter
651 1143 695 1192 se
719 1180 737 1206 ,
781 1160 911 1194 nunc
942 1148 1131 1195 duobus
1164 1160 1224 1194 ex
1261 1163 1371 1208 qua-

88 1237 227 1288 tuor,
267 1241 370 1288 quae
404 1224 594 1288 adsunt,
627 1227 951 1288 longioribus,
989 1237 1047 1275 vt
1072 1228 1125 1274 in
1146 1229 1367 1290 ringenti-

84 1309 202 1369 bus,
237 1322 368 1356 nunc
402 1315 610 1367 quatuor
643 1320 668 1353 e
696 1305 774 1354 sex
807 1307 1112 1368 praesentibus
1140 1308 1364 1370 longiori·

80 1390 199 1450 bus,
246 1396 304 1436 vt
328 1389 376 1436 in
410 1388 663 1450 filiquofis;
709 1390 792 1436 vel
825 1390 870 1436 &
898 1392 1176 1454 fingularem
1206 1390 1359 1440 obser-

78 1480 193 1514 uare
227 1468 464 1514 rationem
506 1465 551 1512 ἃ
594 1467 961 1526 proportionem
1001 1470 1056 1515 ad
1097 1465 1356 1527 corollam,

75 1562 279 1597 numero
308 1548 560 1595 staminum
585 1553 862 1608 comparato
897 1562 1005 1597 cum
1028 1550 1228 1610 petam,
1262 1548 1354 1612 seg-

72 1633 309 1679 mentisue
342 1625 758 1689 monopetalarum
780 1664 796 1688 ,
844 1643 947 1689 quae
979 1631 1101 1676 ratio
1131 1638 1228 1678 tres
1266 1642 1356 1676 no-v

70 1725 155 1759 uas
192 1708 349 1757 classes
380 1710 557 1770 aperit,
605 1710 769 1769 quodsi
803 1711 928 1757 enim
959 1709 1156 1758 stamina
1186 1723 1354 1758 nume—-

68 1805 125 1838 ro
158 1789 249 1837 iliis
275 1792 496 1852 aequalia,
534 1789 616 1835 vel
637 1791 864 1850 pauciora
892 1790 1026 1852 sunt,
1063 1786 1350 1859 oligantherae

65 1870 332 1930 habentur,
377 1871 410 1917 fi
438 1871 610 1932 duplus
645 1869 712 1916 est
742 1870 994 1919 staminum
1024 1871 1212 1918 ratione
1239 1871 1349 1917 illo*

63 1969 171 2003 rum
201 1953 394 2002 corossae
422 1959 814 2000 ornamentorum
833 1967 1086 2013 numerUS‚
1123 1949 1343 2018 diplosan.

62 2030 199 2083 therae
231 2033 364 2094 sunt,
411 2034 443 2081 fi
475 2035 581 2095 plus
629 2033 777 2094 duplo
814 2033 940 2080 idem
977 2046 1087 2081 eum
1122 2032 1338 2095 superat,

60 2111 334 2160 staminibus
364 2125 477 2174 ergo
515 2112 838 2174 multiplicatis
860 2148 876 2172 ‚
925 2113 1011 2175 (vt
1037 2112 1086 2158 in
1116 2113 1335 2172 proxima

59 2192 196 2241 claffe
235 2193 512 2256 duplicatis)
559 2193 802 2255 prodeunt
836 2190 1152 2256 polyantherae.
1238 2194 1332 2241 Sed

57 2278 222 2326 eadem
246 2272 443 2323 stamina
470 2274 759 2334 quandoque
790 2272 951 2321 saltem
976 2287 1036 2319 ex
1060 2282 1195 2332 parte
1218 2288 1343 2325 con-⁷

51 2356 227 2406 stantes
283 2354 507 2415 quasdam
558 2353 898 2416 fingularitates
950 2352 1196 2415 offerunt,
1261 2356 1334 2404 ita

51 2433 193 2483 classis
229 2431 606 2497 syngenefiarum
643 2434 826 2482 Linnaei
870 2435 1077 2483 anthei-‘is
1120 2448 1327 2487 connata

50 2513 118 2561 est
140 2549 156 2575 ,
190 2514 337 2562 habet
364 2513 447 2561 has
475 2514 659 2574 plantas
690 2513 772 2562 sub
801 2512 890 2564 sua.
923 2514 1058 2562 claffe
1086 2515 1216 2564 sexta
1249 2516 1323 2563 Cl.

45 2594 237 2645 Αιιὲὶοι·
259 2593 449 2657 noster,
487 2596 563 2644 cui
585 2596 777 2646 maioris
799 2597 1033 2646 momenti
1060 2595 1212 2646 visum
1234 2596 1326 2658 est,

667 2674 706 2724 F
740 2692 772 2741 3,
902 2671 904 2675 ⁸
1236 2679 1328 2725 ob-
