1881 3137
567 61 1041 168 PRoLoovs
1492 129 1530 186 7

97 239 207 296 suas
231 249 334 292 tam
366 232 642 307 elegantias
664 266 680 295 ,
724 247 886 304 quam
911 230 1151 286 vtilitates
1172 265 1187 292 ,
1225 231 1412 289 dubito
1446 249 1517 291 ta.

99 345 256 393 men,
294 339 476 381 Vtrum
497 358 513 387 ,
564 321 711 398 quod
747 320 916 378 scribit
946 319 1146 378 ClarisS.
1182 321 1432 381 Linnaeus
1464 328 1519 383 in

101 415 547 474 obseruationibus
596 411 1191 486 Systematis-Naturae,
1245 415 1522 471 recentiffi-

96 528 182 568 ma
217 507 441 564 editione
469 506 734 581 prioribus
756 542 770 569 ,
820 509 873 562 in
902 505 1149 579 Regnum
1181 506 1519 580 Vegetabile,

96 620 213 661 nr0.
246 619 337 663 12,
377 601 577 656 admitti
601 613 715 655 tuto
740 597 895 673 poffit
913 633 930 661 ,
969 598 1183 672 quando
1209 600 1275 655 ita
1307 598 1519 656 decidit:

98 691 329 749 Nullum
343 691 576 764 Systema
587 690 889 765 plantarum
908 687 1144 745 naturale
1155 724 1169 751 ,
1193 689 1312 746 licet
1328 708 1519 753 vnum,

97 780 183 839 vel
202 780 426 838 alterum
448 784 670 856 propius
691 782 922 844 accedat,
963 779 1268 837 adhucdum
1292 781 1526 838 constru-

96 872 245 931 &tum
275 875 373 941 est,
416 892 593 950 neque
627 872 860 931 naturale
889 872 1119 929 construi
1150 874 1350 945 potuit,
1385 885 1527 928 ante-

98 986 260 1043 quam
303 970 516 1032 omnia,
571 966 636 1025 ad
683 967 925 1025 nostrum
956 965 1175 1040 systema
1213 965 1525 1041 pertinentia

96 1059 354 1118 notiffima
376 1058 488 1115 sint,

211 1150 361 1208 Licet
401 1151 541 1206 enim
582 1146 649 1205 de
686 1146 833 1205 nullo
881 1143 1135 1205 haetenus
1184 1146 1399 1205 condito
1446 1145 1528 1220 sy·-

95 1238 310 1298 stemate
341 1238 560 1297 naturali
585 1239 727 1296 afferi
748 1239 930 1314 poffit,
971 1240 1221 1296 omnibus
1252 1237 1352 1294 effe
1381 1236 1525 1294 abso-

98 1329 271 1388 lutum
294 1333 529 1388 numeris
542 1365 557 1393 ,
597 1327 710 1387 haec
732 1345 907 1387 tamen
928 1331 1080 1404 culpa
1102 1346 1213 1386 non
1234 1330 1403 1386 maior
1425 1328 1527 1392 est,

101 1436 263 1490 quam
297 1437 415 1493 quae
447 1420 716 1493 redarguit
749 1423 905 1474 etiam
938 1420 1208 1476 artificialia
1240 1421 1525 1494 systemata.

99 1508 230 1570 Sed,
269 1523 328 1564 vt
361 1510 583 1582 propius
612 1509 674 1564 ad
704 1510 864 1583 ipsam
892 1525 1008 1564 rem
1036 1510 1341 1566 accedamus
1353 1545 1368 1572 ,
1408 1508 1525 1566 nul-

96 1597 210 1655 lum
238 1599 454 1673 quidem
487 1598 559 1655 est
582 1619 611 1654 e
636 1599 1018 1657 recentioribus
1043 1601 1348 1658 botanicum
1372 1601 1525 1675 syste-

99 1708 212 1754 ma,
250 1691 335 1748 vel
369 1691 630 1755 naturale,
670 1692 756 1748 vel
791 1690 1072 1761 artificiale,
1115 1692 1262 1767 quod
1299 1707 1409 1749 non
1435 1692 1525 1748 de-

101 1785 431 1840 terminatam
483 1783 709 1859 aliquam
752 1781 997 1858 sequatur
1045 1782 1237 1857 plantae
1286 1799 1524 1857 partem,

100 1873 188 1930 vel
211 1873 353 1931 suam
388 1873 629 1948 pluribus
662 1870 751 1930 det
782 1874 1150 1937 attentionem,
1190 1870 1356 1936 vnde,
1398 1891 1522 1931 cum

100 1967 270 2023 omnis
305 1964 494 2039 plantae
532 1981 652 2039 pars
683 1963 925 2021 naturalis
958 1961 1042 2028 sit,
1085 1963 1254 2039 inquit
1285 1963 1522 2022 Celebris

100 2053 414 2114 Schaefferus
455 2058 508 2111 in
551 2057 763 2130 Isagoge
802 2057 853 2111 in
897 2054 1192 2113 Botanicam
1237 2055 1522 2131 expeditio-

98 2166 252 2210 rem,
304 2146 409 2203 hoc
448 2147 552 2202 lato
587 2147 726 2202 sensu
759 2164 920 2202 omne
958 2146 1177 2222 systema
1214 2148 1521 2204 botanicum

100 2241 332 2300 naturale
362 2240 458 2297 dici
489 2242 660 2315 potest
679 2276 694 2303 ,
743 2256 934 2296 verum
959 2273 972 2301 ,
1023 2239 1059 2294 fi
1083 2256 1355 2314 comparas
1384 2241 1521 2294 inter

96 2334 146 2391 se
167 2331 434 2407 systemata
455 2331 700 2387 naturalia
718 2365 731 2392 ,
774 2335 835 2391 ὃς
861 2328 1156 2394 artificialia,
1195 2348 1313 2406 quae
1337 2331 1519 2385 nostro

93 2424 358 2480 habentur
382 2438 627 2497 tempore
648 2457 663 2485 ,
696 2419 806 2478 satis
829 2421 1002 2478 adhuc
1031 2422 1255 2480 multam
1287 2424 1520 2479 inuenies

101 2533 292 2572 eorum
327 2512 701 2577 differentiam,
743 2518 831 2577 δε,
876 2531 1135 2589 quantum
1169 2516 1416 2591 equidem
1448 2517 1520 2571 in-

97 2605 278 2680 telligo
298 2641 313 2670 ,
353 2622 468 2662 eam
502 2606 773 2681 inprimis,
814 2605 963 2680 quod
986 2606 1255 2665 artificialia
1276 2642 1292 2671 ,
1332 2605 1520 2662 studio-

1332 2695 1516 2754 fisfima
