1881 3137
163 168 457 229 CLASSIS
487 169 602 224 XX.
645 167 1173 233 LITHOPHYTA.
1260 188 1366 249 199

558 352 894 412 ClaffisXX.

297 508 1156 571 LITHOPHYTA.

214 704 380 766 mbigit
420 702 522 751 haec
568 706 709 755 claffis
754 707 879 754 inter
921 706 1104 766 plantas
1157 708 1202 754 &
1252 709 1365 770 lapi·
1393 700 1662 769 Explicatiq-

249 785 330 832 des
365 819 381 845 ‚
453 796 582 833 certe
627 785 883 834 substantia
917 785 985 832 est
1021 787 1204 848 lapidea
1231 824 1247 850 ,
1296 803 1369 836 re·
1396 758 1646 871 ἓξῖᾓῖξῖ

82 864 222 926 liquae
268 873 429 912 tamen
464 866 602 912 dotes
637 867 686 913 in
718 868 879 915 multis
916 866 1036 914 adeo
1074 869 1246 915 vicinae
1281 883 1369 916 ve·

82 944 274 1008 getabili
308 953 488 991 naturae
528 979 543 1004 ‚
613 954 672 992 vt
718 944 846 992 reike
897 944 1138 1007 inscriptio
1189 948 1362 994 mixtu-

80 1039 180 1072 ram
215 1038 274 1072 ex
307 1025 397 1072 hac
433 1025 478 1071 &
512 1026 698 1086 lapidea
732 1026 935 1074 denotet
969 1062 985 1088 ‚
1057 1028 1253 1075 exhibet
1294 1028 1360 1075 in-

82 1102 174 1149 dex
207 1104 420 1165 praeludii
460 1105 677 1152 methodi
711 1107 937 1154 naturalis
971 1107 1121 1156 limini
1159 1107 1357 1171 opuseu-

85 1179 120 1226 li
165 1179 349 1242 praefixi
393 1182 588 1243 potiora
618 1196 807 1246 genera.

146 1311 213 1360 Et
226 1313 329 1362 haec
344 1313 535 1374 quidem
547 1316 740 1375 potiora
760 1315 866 1364 sunt
885 1318 1043 1378 operis
1059 1318 1182 1384 Clar.
1195 1317 1359 1381 Roye-

76 1391 126 1439 ni
147 1392 604 1453 momenta,‚quibus
630 1394 899 1443 addendum
918 1395 1009 1444 est:
1039 1382 1253 1445 affieciss'e
1271 1400 1358 1446 Vi-

80 1486 186 1518 rum
207 1473 466 1534 ingenuum
485 1471 765 1537 appendicem
772 1489 1009 1540 generum,
1034 1474 1331 1541 &specierum
1342 1496 1360 1542 ‚-

79 1570 105 1602 e
121 1553 352 1621 generibus
371 1553 590 1602 omiss'um
611 1554 659 1600 in
684 1566 832 1616 opere
860 1562 1000 1602 notat
1030 1568 1205 1617 genus:
1244 1554 1358 1621 My-

80 1634 178 1682 rica
210 1633 318 1696 post
354 1632 595 1698 Pistaciam
626 1630 925 1680 inserendum
944 1667 960 1693 ,
1027 1634 1161 1681 cuius
1194 1654 1227 1693 4
1261 1633 1359 1694 spe-

77 1710 172 1758 eies
208 1713 416 1774 allegat,
466 1709 637 1757 deinde
673 1710 799 1756 aliud
832 1723 1016 1772 genus:
1077 1709 1355 1771 Dioscorea,

77 1789 186 1853 post
239 1791 426 1840 Tamum
469 1789 768 1837 inserendum
788 1825 804 1850 ,
864 1801 1014 1852 porro
1062 1786 1359 1839 Melothriam

75 1868 261 1917 Linnaei
282 1905 297 1931 ,
354 1866 463 1931 post
503 1867 735 1934 bryoniam
781 1866 1055 1928 ponendam
1077 1902 1092 1926 ‚
1140 1866 1358 1918 Diodiam

77 1945 149 1993 Cl.
175 1945 417 1995 Gronouii
444 1945 553 2008 post
578 1942 856 1994 Dodartiam
889 1944 1210 2007 inserendam,
1249 1946 1357 1995 Cre-

62 2025 282 2092 scentiam
315 2024 498 2072 Linnaei
530 2023 639 2086 post
673 2023 943 2088 Justiciam,
987 2023 1172 2072 Linnaei
1219 2021 1355 2075 Theo-

68 2103 301 2171 phrastum
333 2112 442 2153 ante
478 2101 852 2171 Hydrophyllum.

178 2234 434 2302 Appendix
485 2230 734 2299 specierum
798 2237 944 2297 paulo
1008 2237 1209 2298 amplior
1257 2237 1351 2300 est,

75 2328 218 2363 nouae
254 2315 319 2362 ibi
356 2321 620 2361 occurrunt
653 2312 865 2374 species:
910 2327 1009 2361 vna
1042 2312 1352 2382 Lyfimachiae,

63 2391 334 2458 filipendulae
349 2429 362 2453 ,
398 2389 590 2441 Lobeliae
624 2393 728 2440 duae
748 2428 764 2454 ,
819 2407 918 2441 vna
952 2391 1089 2444 Holci
1107 2424 1120 2449 ‚
1160 2396 1355 2462 eryngii,

59 2465 275 2532 stmiculae
289 2501 302 2527 ‚
333 2468 533 2519 verbenae
553 2505 568 2530 ,
601 2468 833 2533 senecionis
848 2502 862 2529 ‚
888 2468 1159 2536 pimpinellae
1177 2506 1192 2531 ,
1226 2484 1354 2518 vero-

73 2548 184 2597 nicae
206 2579 219 2605 ,
265 2545 452 2599 orchidis
474 2580 487 2606 ‚
537 2546 800 2615 hyacinthi,
843 2540 999 2616 filenes
1021 2581 1034 2607 ,
1087 2547 1320 2615 clinopodii
1335 2581 1352 2609 ‚

71 2623 242 2692 lupini,
276 2625 572 2693 elephantopi,
603 2629 754 2694 asteris
779 2662 793 2686 ‚
825 2627 1063 2684 calendulae
1081 2666 1095 2693 ,
1132 2624 1351 2686 oxalidis,

336 2727 343 2731 ·
1135 2718 1328 2761 crotonas
1337 2734 1352 2763 2
