1881 3137
479 205 555 273 84
865 198 1216 258 CLASSIS
1268 198 1370 256 111.

482 317 694 385 AEgilops
738 318 934 368 Dillenii
983 321 1050 368 est
1098 336 1157 368 ex
1197 321 1294 369 hoc
1342 322 1549 381 ordine,
1592 318 1766 385 fistuca

484 398 836 461 Scheuchzeri,
877 415 973 460 quo
996 401 1191 449 nomine
1225 404 1426 452 Linnaeo
1458 402 1582 452 aliud
1603 403 1766 468 grami-

485 498 601 534 num
658 498 806 546 genus
860 484 1035 529 bromo
1094 484 1236 531 valde
1282 486 1417 534 affine
1441 523 1457 547 .‚
1510 478 1769 534 Bromoides
1833 502 1842 506 *

486 566 809 615 Scheuchzeri
846 566 985 612 venit
1008 600 1024 625 ,
1063 565 1303 630 distinguit
1346 576 1505 613 autem
1540 563 1770 610 festucam

487 664 514 696 a
554 651 728 695 bromo
774 646 910 693 arista
952 649 1253 696 terminatrix
1296 650 1344 695 in
1384 645 1602 707 festuca,
1658 648 1771 695 licet

489 730 616 777 enim
648 730 805 777 bromi
835 732 1030 777 coronae
1064 733 1259 778 valuula
1289 730 1489 777 inferior
1515 729 1667 776 maior
1695 743 1771 787 pa—

486 814 602 860 riter
641 809 825 857 aristam
869 811 1044 859 refiam
1085 813 1270 859 emittat
1293 847 1308 870 ,
1369 823 1423 856 ea
1467 819 1627 857 tamen
1670 823 1769 855 non

488 895 642 942 omnis
662 928 677 954 9
716 892 761 938 &
786 892 938 953 reffta.,
976 901 1034 939 vt
1062 893 1110 939 in
1140 892 1321 939 festnca
1341 928 1356 950 a
1395 890 1562 938 definit
1602 892 1650 939 in
1689 889 1771 937 ari·

488 976 606 1025 stam
630 973 832 1036 retiam,
868 975 949 1021 sed
977 973 1098 1021 infra
1128 975 1337 1020 valuulae
1376 974 1559 1033 apicem
1583 973 1775 1021 demum

490 1072 551 1103 ex
584 1070 639 1102 ea
669 1056 859 1116 prod-it,
898 1056 1072 1102 dicitur
1092 1055 1202 1101 ideo
1231 1055 1432 1102 Bromus
1452 1053 1635 1101 Linnaei
1656 1053 1774 1101 Bau-

427 1123 434 1136 ’
489 1139 605 1186 hino
647 1135 828 1183 festuca
876 1151 1150 1196 auenacea,
1197 1135 1552 1183 Tournefortio
1581 1148 1773 1195 gramen

492 1232 784 1267 auenaceum
805 1253 820 1278 ,
870 1217 1065 1264 locustis
1099 1216 1333 1273 aristati83
1376 1218 1487 1264 hinc
1518 1230 1662 1265 nemo
1695 1219 1775 1266 mi-

489 1306 653 1357 retur,
690 1296 968 1357 frequenter
1008 1311 1263 1345 occurrere
1299 1297 1381 1345 sub
1414 1300 1674 1347 recentiori
1707 1299 1775 1346 fe-

489 1379 633 1427 stucae
664 1391 838 1439 genere
872 1390 1109 1424 auenacea
1136 1377 1344 1439 gramina
1368 1380 1618 1426 veteribus
1641 1378 1773 1427 dina.

489 1459 726 1506 Praeterea
755 1474 876 1506 vero
913 1459 1039 1505 aliud
1070 1458 1210 1504 huius
1246 1459 1424 1506 ordinis
1457 1469 1647 1510 notum,
1671 1459 1776 1507 satis

491 1555 639 1604 genus
674 1540 742 1587 est
771 1537 949 1588 Lolium
970 1567 984 1594 ‚
1018 1537 1152 1599 spicis
1177 1539 1326 1586 modo
1358 1538 1554 1586 aristatis
1576 1575 1591 1601 ‚
1626 1539 1776 1588 modo

490 1622 680 1670 muricis
716 1619 1025 1681 conspicuum
1047 1655 1062 1679 ,
1100 1621 1256 1681 gluma
1280 1618 1325 1665 se
1350 1619 1638 1682 distinguens
1661 1621 1778 1667 mul-

492 1703 688 1763 tiflora‚
725 1699 940 1747 vniualui
965 1735 980 1760 ,
1016 1698 1312 1761 rigidiuscula
1337 1733 1352 1758 ‚
1399 1700 1545 1746 flores
1582 1699 1778 1747 distiche

491 1787 696 1847 spicatos
727 1782 851 1830 cauli
882 1782 1176 1841 apprimenoe
1198 1817 1212 1841 ‚
1249 1789 1500 1842 ponuntur
1534 1781 1661 1828 enim
1695 1780 1780 1843 spi-

493 1881 560 1913 cae
598 1863 763 1912 seffiles
796 1863 845 1909 in
879 1860 1052 1907 eodem
1085 1875 1195 1908 cum
1231 1862 1366 1909 caule
1400 1861 1548 1921 plano
1572 1898 1589 1923 ‚
1647 1863 1778 1910 vnde

495 1944 640 1991 caulis
670 1942 831 1989 vicem
859 1938 1067 1987 valuulae
1103 1941 1295 1987 alterius
1330 1940 1505 2000 calycis
1529 1940 1779 2004 (deficien-

493 2029 555 2085 tis
589 2026 635 2071 &
670 2025 930 2087 OppOfitae)
956 2027 1089 2087 gerit.
1162 2022 1256 2068 Sed
1285 2021 1529 2082 supersunt
1557 2022 1654 2068 duo
1688 2024 1780 2070 vti-

495 2106 656 2154 liffima
682 2106 945 2168 graminum
977 2119 1151 2169 genera
1178 2138 1194 2162 ‚
1233 2117 1337 2162 quae
1368 2103 1656 2163 praecipuam
1677 2103 1780 2165 sup-

493 2187 713 2253 peditant
742 2186 956 2246 homini,
995 2198 1194 2245 eamque
1229 2182 1524 2244 gratiffimam
1554 2183 1673 2229 boni
1695 2197 1781 2230 nu-

494 2268 712 2314 trimenti
749 2266 995 2314 materiam
1017 2301 1032 2326 ‚
1073 2263 1223 2326 qualis
1265 2278 1291 2309 e
1328 2263 1587 2327 vegetabili
1628 2278 1778 2326 regno

496 2349 661 2397 haberi
698 2348 893 2409 potest3
941 2362 1000 2394 ex
1041 2346 1112 2392 his
1155 2347 1358 2392 alterum
1397 2344 1499 2391 est:
1543 2341 1779 2404 hordeum,

497 2431 653 2492 gluma
688 2444 851 2477 carens
876 2465 892 2490 ,
939 2427 1021 2475 sed
1059 2426 1316 2473 inuolucro
1360 2423 1638 2470 instruftum
1678 2439 1780 2485 par-

494 2512 619 2572 tiali,
656 2513 874 2571 triflorO,
911 2507 1231 2568 hexaphyllo‚
1271 2504 1316 2549 &
1338 2503 1476 2551 arista
1500 2503 1775 2567 longiffima.,

496 2596 545 2642 in
580 2607 720 2653 quam
759 2593 924 2640 definit
955 2590 1150 2638 corollae
1188 2588 1385 2634 valuuia
1414 2587 1627 2635 inferior.
1683 2588 1778 2636 Sed

497 2676 680 2739 oppido
709 2674 965 2736 quasdam,
1002 2680 1060 2719 vt
1094 2667 1242 2720 Secale
1273 2669 1376 2717 ord.
1402 2685 1445 2730 3.
1486 2668 1777 2733 graminum,

1703 2747 1769 2795 se·
