1881 3137
322 175 1121 240 DIPLOSANTHERAE.
1260 188 1364 254 189

95 321 284 369 cunque
329 303 522 361 bifidis,
582 299 712 361 quod
764 312 871 348 raro
917 298 1026 345 aiibi
1070 295 1363 344 obseruatur.

93 387 319 435 Eminens
336 384 433 428 eius
447 380 515 426 rei
530 380 800 439 exem-plum
816 378 881 425 est
895 377 1175 427 fruticosum
1187 390 1333 438 genus
1349 391 1359 420 ε

95 462 329 518 Arbutus,
368 459 500 505 cuius
536 456 711 518 species
748 455 814 503 est
848 471 936 504 vua
970 454 1084 516 vrfi5
1116 454 1364 502 recentissi„

92 545 179 590 mis
232 537 526 598 temporibus
580 533 857 583 confirmata
903 536 1087 582 virtute
1137 528 1365 579 foliorum

91 617 387 684 singulariter
432 613 621 661 efficace
661 620 830 659 contra
874 613 1110 660 molestias
1154 608 1367 656 veslcalis

93 700 289 759 calculi,
325 694 451 743 aliud
480 691 713 739 officinale
739 705 886 754 genus
923 689 990 736 est
1017 687 1178 753 pyrola
1201 688 1369 747 sponte

91 782 372 840 frequenter
407 772 616 822 crescens
651 785 737 832 per
773 766 1103 823 Germaniam,
1140 776 1199 812 vt
1230 767 1372 813 etiam

95 859 142 907 se
187 873 261 905 res
305 858 452 904 habet
495 857 618 901 circa
663 850 946 898 officinalem
991 847 1187 903 ericam,
1237 846 1370 893 cuius

93 949 324 1001 praeterea
357 935 534 998 species
571 932 736 993 aliquae
775 920 1001 976 coluntur
1034 927 1082 975 in
1116 927 1284 976 hortis.

399 1087 580 1148 Claffis
618 1084 762 1142 XVI.
841 1081 973 1141 Ord.
1016 1101 1068 1141 2.

99 1204 898 1297 DIPLQSANTHERAE
966 1199 1377 1262 FLORIBVS

344 1311 1124 1372 CARYOPHYLLAEIS.

203 1451 366 1500 Ditior
404 1451 472 1500 est
506 1455 759 1516 generibus
794 1454 872 1502 hic
908 1452 1029 1501 ordo
1068 1450 1381 1516 dipiosanthe-
1410 1451 1646 1522 {Explicatio

105 1544 294 1591 rarum,
334 1546 388 1579 ac
422 1533 554 1593 prior
576 1568 591 1593 3,
646 1533 712 1580 est
748 1543 908 1582 autem
941 1535 990 1581 in
1025 1534 1197 1596 plantis
1217 1568 1232 1594 ‚
1271 1506 1664 1602 quasegffiexjn‘

105 1608 269 1658 sub-se
304 1612 487 1673 habet,
539 1614 805 1661 communis
859 1614 1023 1674 aliquis
1071 1615 1386 1673 coronarum,
1418 1616 1666 1670 Diplosanthe-

110 1693 361 1753 totiusque
395 1689 570 1739 florum
602 1693 769 1740 formae
805 1693 1029 1755 habitus,
1086 1709 1194 1741 cum
1228 1693 1389 1754 vulga·
1419 1670 1641 1780 ζζνᾷἴέξῖξ

106 1768 282 1818 tissimis
305 1805 320 1830 ‚
368 1770 413 1817 &
448 1772 531 1834 ipsi
574 1774 723 1836 vulgo
769 1774 1012 1822 notiffimis
1064 1771 1389 1836 caryophyllis
1419 1781 1508 1818 laeis.

109 1849 405 1897 conueniens
426 1886 442 1912 ‚
491 1866 636 1912 quare
671 1866 773 1899 non
808 1853 969 1914 inepte
1004 1851 1081 1898 hic
1115 1852 1171 1898 ab
1207 1849 1391 1896 Αυὲὶο-

109 1946 162 1981 re
196 1940 422 1993 tanquam
455 1935 704 1995 proprium
740 1933 917 1981 ordinis
945 1931 1186 1979 criterium
1211 1929 1386 1978 elefitus

110 2012 218 2077 fuit.
291 2012 481 2075 Agmen
514 2015 687 2062 merito
725 2014 802 2062 hic
839 2013 971 2061 ducit
1005 2009 1260 2071 Dianthus,
1301 2009 1389 2060 Ca-

109 2085 361 2155 ryophyllus
393 2088 731 2140 Tournefortii
751 2128 766 2153 ,
813 2095 1020 2154 amplum
1060 2091 1165 2139 satis
1213 2105 1389 2154 geum,

109 2168 243 2218 vnde
276 2183 377 2217 non
412 2172 561 2219 multa
605 2174 752 2220 modo
787 2173 916 2223 horti
953 2174 1220 2222 Germaniae
1253 2187 1389 2220 orna-

114 2260 276 2298 menta
310 2249 524 2312 habent,
570 2249 648 2300 sed
681 2254 726 2301 &
763 2256 961 2305 officinae
991 2254 1386 2316 pharmaceuticae

112 2329 317 2393 speciem
348 2332 516 2378 titulo:
540 2330 673 2393 floris
706 2336 893 2396 tunicae,
937 2337 1019 2398 qui
1053 2335 1176 2383 Raio
1210 2333 1388 2395 Caryo·
1419 2320 1423 2323 ’

112 2411 307 2473 phyllus
346 2411 579 2460 hortensis
635 2415 881 2465 dicebatur
903 2454 918 2479 ‚
989 2417 1185 2465 sumitur
1231 2412 1398 2465 autem'

116 2491 322 2537 varietas
347 2491 540 2538 corollis
561 2491 714 2542 sature
733 2496 917 2554 rubris3
961 2496 1086 2544 aliud
1106 2495 1392 2553 notissimum

116 2580 266 2633 genus
298 2565 364 2616 est
389 2566 666 2634 Saponart'a,
704 2574 837 2624 cuius
874 2574 1050 2648 species
1085 2575 1166 2626 dat
1199 2572 1397 2626 radicem

644 2654 732 2705 Aa
768 2672 792 2720 3
1257 2654 1401 2722 saiw*
