1881 3137
507 150 854 210 PALMAE.
1252 155 1329 228 67

58 281 392 340 interponere,
430 274 608 321 fatetur
640 272 766 320 enim
798 273 846 318 in
875 270 1119 333 speciebus
1149 275 1329 334 planta..

57 373 189 419 rum,
224 356 401 404 vltimis
421 356 557 403 lineis
581 369 627 414 p.
647 361 792 416 1189:
829 355 1090 414 palmarum
1112 356 1328 405 omnium

58 440 312 489 historiam·
359 435 737 484 fruffificationis
799 434 952 482 adhuc
1006 434 1327 496 imperfeeiam

59 521 178 580 effe,
212 532 304 566 nec
337 516 567 565 suffecisse
594 514 869 563 industriam
893 514 1079 563 Rheedi
1100 550 1115 576 ,
1155 517 1230 562 cui
1261 526 1326 566 ta-

53 613 165 646 men
194 597 426 644 debeatur
452 597 500 643 in
525 596 625 655 hiS‚
669 592 897 654 quidquid
919 593 1073 640 adhuc
1104 593 1325 643 innotue-

54 678 116 723 rit
140 675 283 734 certi,
322 673 450 721 addit
479 682 681 722 votum:
718 670 917 719 Utinam
934 671 1154 719 Botanici
1182 675 1322 724 nobis

55 754 298 801 traderent
339 751 572 799 distinekas
614 751 780 797 harum
815 748 991 812 species
1032 765 1058 796 e
1097 748 1328 799 strucstura

56 834 325 893 frondium,
364 846 511 893 quum
534 830 678 880 serius
711 833 756 878 &
786 833 937 881 rarius
974 832 1099 894 apud
1127 846 1216 880 nos
1242 834 1330 882 flo-

55 917 211 965 reant!
259 912 490 975 Confugit
520 923 778 973 propterea
809 913 886 960 hic
915 911 1139 960 Linnaeus
1174 912 1230 959 ad
1260 913 1329 962 so-

54 1000 147 1046 lam
180 995 616 1044 conformationem
646 995 876 1043 foliorum
898 1031 913 1056 ,
954 995 1202 1057 diuisitque
1223 996 1329 1063 pal.

53 1089 150 1128 mas
181 1091 348 1124 omnes
381 1077 428 1122 in
451 1072 779 1137 flabellifolias,
815 1072 1153 1139 pennatz'folias,
1189 1077 1233 1123 &
1263 1075 1330 1126 bi-

50 1155 390 1223 pennatifolz'as,
421 1156 476 1202 ad
505 1156 702 1216 primam
737 1154 921 1202 classem
952 1155 1189 1203 referens:
1226 1154 1330 1205 cha·

52 1243 319 1299 maeropem,
350 1229 593 1295 borafficm,
625 1228 892 1296 corymbum,
930 1232 987 1279 ad
1021 1232 1216 1281 alteram
1251 1248 1327 1298 cy-

54 1329 178 1372 cam,
211 1327 385 1373 cocum,
415 1309 680 1378 phoenicem‚
712 1326 913 1368 mecam,
946 1310 1123 1374 elatem,
1164 1315 1221 1361 ad
1239 1329 1326 1375 po-

54 1395 297 1444 stremam:
333 1405 578 1458 caryotam.
661 1392 807 1455 Heu.,
848 1407 1077 1457 quantum
1116 1397 1325 1447 denudat

57 1476 247 1524 Natura
288 1475 696 1534 imperfeffionem
738 1477 846 1522 artis
890 1477 935 1522 ἂι
976 1476 1177 1524 seientiae
1203 1512 1219 1538 ,
1273 1492 1328 1526 ac

59 1556 310 1618 systemata
336 1562 502 1602 tuetur
532 1563 700 1603 contra
727 1555 987 1604 naturalia!

402 1713 583 1774 Claffis
623 1715 660 1773 I.
738 1714 869 1773 Ord.
911 1733 964 1775 2.

155 1878 378 1933 Secundus
401 1877 658 1945 palmarum
690 1879 797 1930 ordo
828 1883 1024 1932 exhibet
1048 1882 1224 1950 palmas
1256 1886 1323 1934 in·
1354 1906 1597 1964 Explicatio

53 1960 287 2028 completas
307 1999 322 2024 ,
365 1963 508 2011 facile
541 1959 890 2024 distinguendas
922 1965 979 2012 ab
1011 1965 1111 2013 aliis
1145 1980 1204 2014 ex
1238 1980 1327 2027 εο,
1360 1961 1501 2006 Claffis
1527 1964 1564 2009 I·

58 2041 190 2102 quod
220 2043 270 2089 in
302 2044 524 2091 omnibus
556 2041 652 2089 istis
684 2044 767 2091 vel
805 2046 972 2107 calyx,
1008 2048 1090 2095 vel
1113 2050 1326 2111 corolla,
1359 2014 1588 2112 3ξὲᾗὲξὼ

57 2122 140 2169 vel
170 2121 332 2171 saltem
372 2123 548 2183 aliquid
582 2124 705 2171 circa
745 2125 959 2185 calycem
979 2162 995 2188 ‚
1033 2129 1329 2177 corollamue
1357 2124 1588 2178 COmPletae·

57 2200 261 2252 deficiat.
331 2203 455 2265 Uti,
503 2218 606 2264 quae
649 2204 697 2250 in
743 2205 903 2264 priore
949 2208 1116 2254 ordine
1162 2223 1328 2258 occur-

54 2293 170 2332 runt
194 2285 457 2345 palmarum
493 2297 668 2346 genera
687 2319 703 2344 ‚
737 2286 1097 2349 eorundemque
1129 2286 1325 2350 specieS,

53 2374 116 2408 ex
145 2362 372 2410 arborum
401 2359 578 2409 familia
608 2360 742 2421 sunt,
790 2362 857 2409 ita
885 2363 977 2411 iam
1009 2365 1181 2425 plantae
1208 2366 1325 2414 mol-

55 2442 226 2506 lioreS‚
264 2443 310 2490 &
332 2443 618 2492 succulentae
640 2443 785 2505 magis
805 2446 1049 2507 prodeunt
1068 2447 1117 2494 in
1134 2446 1327 2510 sequen-

57 2523 185 2571 tibus
219 2524 291 2570 his
336 2523 583 2571 ordinibus
633 2524 870 2573 omnibus.
950 2525 992 2573 E
1030 2528 1201 2588 plantis
1242 2524 1329 2574 vsu

56 2603 274 2664 medicO,
313 2603 358 2651 &
400 2605 594 2653 culinari
635 2605 907 2676 celebribus
950 2611 1166 2673 exempla
1195 2609 1329 2666 sunt,

661 2684 747 2733 12
1284 2688 1330 2735 &
