1881 3137
282 146 348 186 10
747 118 1222 179 PROLOGVS.

283 247 528 311 &laxius
550 241 875 299 conditiones
903 243 1076 298 minus
1099 241 1388 299 constantes
1412 242 1462 299 in
1487 243 1708 317 gratiam

284 335 600 410 systematis,
661 347 788 404 quas
830 346 1006 385 tamen
1050 327 1240 385 iusserit
1278 327 1376 383 effe
1418 344 1532 385 tum
1563 342 1711 383 notas

285 426 532 486 cbasficas,
575 422 855 482 ordinum,
897 437 1297 494 generumque,
1322 421 1394 474 vti
1417 421 1480 476 fic
1504 418 1711 493 pracser-

284 517 379 573 tim
405 517 471 572 de
496 512 640 571 classe
666 511 1100 586 heptandriat‘um
1115 546 1129 573 ,
1172 509 1586 571 Οξὶῡῆάῑίεῑωῃ,
1622 509 1711 565 do-

285 605 707 665 decandtiarum,
750 599 1183 663 icostindriaruru>
1227 606 1287 659 &
1313 598 1413 654 aliis
1443 597 1712 660 obiiciunt,

285 700 345 755 &
387 691 780 750 inconstantiam
817 688 1111 745 obuertunt
1161 691 1292 745 circa
1337 687 1583 751 ordines,
1623 689 1714 762 qui

285 783 608 860 quandoque
632 781 1021 848 constituuntur
1054 799 1082 835 e
1104 794 1333 835 numero
1370 778 1603 835 duorum
1637 783 1712 853 pi—

284 877 578 937 stillorum,
642 873 731 929 vbi
768 889 943 928 tamen
991 872 1204 928 vnicum
1245 884 1448 926 tantum
1491 883 1716 943 germen

284 968 553 1032 occurrit,
595 965 676 1019 cui
713 962 853 1018 stilus
884 961 1082 1036 duplex
1107 961 1322 1023 insidet,
1366 977 1475 1034 quo
1509 977 1640 1033 ergo
1663 959 1715 1012 in

284 1054 397 1111 casu
434 1056 534 1107 tiro
575 1052 847 1106 botanicus
881 1051 1098 1113 neseiat,
1139 1067 1270 1106 num
1302 1046 1462 1112 hanc,
1502 1034 1714 1103 illarnue

285 1141 452 1218 pistilli
474 1158 682 1216 partem
710 1138 851 1212 sequi
881 1139 1068 1197 debeat
1093 1174 1106 1203 ‚
1152 1140 1284 1196 dum
1316 1139 1452 1216 ordo
1479 1137 1714 1212 digynias

234 1278 239 1280 »
283 1235 469 1291 indicat
491 1267 505 1295 ,
560 1233 680 1306 quia
709 1228 1019 1304 frequenter
1042 1266 1055 1293 ,
1103 1235 1162 1290 ὃ(
1200 1228 1342 1286 reite
1379 1227 1715 1301 monogyniis

284 1324 699 1381 adnumerantur
720 1319 842 1381 aliae,
866 1318 1075 1376 [hiobus
1101 1318 1391 1393 conspicuae
1412 1318 1556 1389 stilis3
1599 1317 1712 1372 mit-

284 1428 455 1469 tamus
481 1425 656 1467 autem
681 1411 770 1465 aiia
795 1409 950 1465 dubia
977 1424 1160 1463 contra
1184 1408 1401 1481 systema
1427 1406 1529 1462 hoe
1549 1441 1563 1468 ,
1603 1407 1715 1461 alia-

285 1523 391 1580 que
426 1501 725 1571 artificialia3
761 1500 909 1574 quod
943 1517 1008 1554 ex
1035 1502 1280 1555 enarratis
1315 1500 1554 1572 primurn
1585 1495 1713 1559 fuit,

285 1598 350 1650 ita
383 1593 495 1649 sane
526 1591 737 1646 videtur
766 1589 866 1645 effe
893 1603 1292 1661 comparatum,
1330 1601 1389 1643 vt
1410 1584 1712 1660 grauiffime

283 1684 410 1740 illud
442 1684 630 1744 feriat,
673 1681 861 1736 dubito
894 1695 1098 1742 autem,
1135 1696 1268 1735 num
1300 1676 1571 1733 artificialia
1607 1690 1713 1732 tan-

283 1788 371 1847 gat
392 1773 594 1833 omnia,
633 1785 774 1827 certe
797 1786 907 1826 nou
934 1768 1007 1824 est
1030 1769 1096 1825 de
1127 1768 1345 1825 illorum
1378 1766 1611 1830 essentia,
1654 1782 1713 1824 vt

283 1864 362 1918 his
393 1862 636 1918 laborent
667 1859 1160 1936 imperfectionibus
1180 1866 1199 1922 ,'
1237 1877 1366 1932 quas
1395 1861 1549 1914 etiam
1577 1856 1713 1931 {aga-

283 1953 506 2010 ciffimus
540 1952 793 2010 Linnaeus
826 1949 1085 2006 excusauit
1118 1948 1416 2006 acutiffime.
1495 1947 1709 2004 Addam

283 2044 452 2118 aliqua
487 2044 553 2099 de
581 2041 940 2117 systematibus
973 2039 1293 2097 naturalibus
1314 2073 1330 2102 ,
1372 2053 1430 2094 vt
1467 2035 1711 2093 differen-

282 2138 406 2192 tiam
455 2135 809 2192 determinem
849 2131 914 2188 ab
958 2130 1337 2187 artificialibus:
1397 2128 1510 2184 haec
1553 2126 1712 2183 miffis

282 2229 552 2301 principiis
586 2224 834 2281 omnibus
856 2241 884 2279 a
907 2224 1071 2296 priori
1096 2221 1342 2278 desumtis
1362 2254 1378 2283 ‚
1419 2224 1481 2280 ὃ(
1503 2218 1711 2275 sollicite

282 2321 534 2375 continuo
559 2318 821 2376 canentia,
842 2332 910 2369 ne
937 2312 1066 2387 quid
1086 2311 1284 2368 horum
1313 2313 1532 2381 irrepat,
1574 2305 1711 2381 pret:

280 2408 334 2466 so
362 2410 500 2483 pede
522 2409 788 2464 Naturam
812 2404 1131 2478 sequuntur,
1173 2417 1469 2474 omnesque
1500 2396 1609 2453 suas
1642 2396 1710 2452 le-

278 2510 397 2567 ges>
437 2499 498 2556 &
525 2494 800 2552 affinitates
823 2490 888 2546 ab
911 2490 1068 2546 huius
1089 2490 1254 2565 digito
1276 2489 1481 2561 scriptas
1503 2485 1602 2542 effe
1620 2484 1712 2540 fibi

278 2581 507 2648 volunt,
559 2584 703 2642 vnde
752 2581 858 2636 hoc
899 2596 1187 2655 quousque
1239 2578 1518 2641 obseruant
1567 2574 1711 2632 obse-

1491 2684 1705 2742 quium>
