1881 3137
460 180 928 243 -GRAMINA,
1273 195 1352 257 ες

74 309 287 357 sexuales
318 305 607 354 differentias
638 308 685 354 in
707 309 851 356 variis
875 308 963 356 suis
989 305 1232 368 speciebus
1253 306 1351 354 hoc

77 389 312 440 hordeum
341 386 512 446 offert,
550 387 660 435 dum
687 390 736 436 in
759 389 1038 450 quibusdam
1057 400 1223 433 omnes
1250 395 1348 436 tres

77 475 221 523 flores
244 506 260 531 ,
296 470 551 516 inuolucro
583 479 872 533 contentos,
908 481 967 517 vt
998 466 1351 528 hermaphrodi-

76 564 154 603 tos
185 552 365 599 fertiles
396 551 541 597 habet
563 585 578 610 ,
615 551 663 596 in
698 550 794 596 aliis
829 551 973 598 flores
1008 547 1223 598 laterales
1257 560 1351 594 ma-

73 651 150 685 res
172 671 187 695 ‚
242 632 525 681 intermedio
555 631 655 679 solo
688 631 869 692 fertili,
928 630 1347 692 hermaphrodit0‚

62 717 208 764 rvnde
236 712 470 761 hordeum
492 711 752 771 distichon,
791 711 835 757 &
856 713 1064 774 gramina
1081 711 1352 764 hordeacea

79 799 315 837 veterum.
385 790 457 836 Ita
487 788 603 835 illud
634 790 783 850 ipsum
809 788 1043 847 hordeum,
1078 790 1208 852 quod
1230 790 1349 836 Bau-

76 872 192 919 hino
209 868 474 936 polystichon
497 883 683 919 vernum
707 874 894 936 dicitur,
931 874 1153 923 flosculos
1177 885 1344 920 omnes

74 951 488 1013 hermaphroditos
517 954 661 1014 gerit,
701 968 843 1014 quare
878 957 1100 1003 Linnaeus
1133 954 1228 1000 hoc
1259 967 1345 999 no-

72 1032 200 1079 mine
234 1029 454 1090 specifico
498 1033 768 1095 distinguit:
837 1034 1089 1082 Hordeum
1137 1029 1343 1077 flosculis

72 1113 294 1159 omnibus
321 1111 716 1172 hermaphroditis
738 1132 752 1173 3
809 1118 897 1164 alia
924 1113 1093 1162 hordei
1131 1113 1305 1174 species
1326 1145 1342 1170 ,

73 1208 179 1254 quae
209 1189 416 1241 hordeum
437 1192 685 1256 dzffichum,
723 1199 941 1256 aestiuum,
967 1193 1182 1258 trimestre
1202 1195 1344 1242 minus

71 1273 334 1319 Veteribus
374 1271 630 1331 audiebat.>
667 1269 889 1320 flosculos
919 1273 1137 1319 laterales
1173 1271 1346 1320 mascu-

70 1356 144 1402 los
164 1391 179 1414 ,
215 1365 396 1412 eosque
425 1352 633 1399 muticos
662 1353 810 1402 habet
832 1389 847 1414 ,
894 1351 1025 1401 vnde
1060 1350 1244 1397 Linnaei
1275 1350 1344 1410 sy-

67 1449 363 1495 nonymum:
400 1433 653 1482 Hordeum
673 1435 877 1482 flosculis
903 1433 1177 1481 lateralibus
1199 1468 1214 1493 ‚
1243 1445 1347 1479 mu-

67 1518 174 1565 ticis
201 1550 216 1575 ‚
271 1514 436 1575 prouti
469 1512 581 1562 huic
622 1516 776 1563 similis
805 1531 891 1578 per
924 1512 1146 1560 flosculos
1178 1512 1344 1559 latera-

69 1601 138 1647 les
179 1597 445 1657 masculos‚
490 1606 536 1643 at
574 1597 788 1645 aristatos
831 1596 968 1644 datur
1008 1597 1096 1642 alia
1134 1594 1338 1656 species,

67 1695 96 1727 a
124 1680 323 1728 Linnaeo
355 1679 623 1724 nominata:
658 1676 910 1725 Hordeum
941 1675 1146 1725 flosculis
1175 1676 1342 1722 latera-

64 1752 190 1809 libus
242 1755 453 1806 masculis
508 1755 703 1803 aristatis
725 1793 741 1819 ,
796 1757 1003 1804 Lobelio
1034 1772 1048 1804 ι
1103 1752 1337 1814 Hordeum

53 1841 351 1908 spontaneum
387 1834 621 1902 spurium,
673 1851 861 1904 gramen
908 1835 1190 1885 hordeaceum
1236 1836 1336 1883 aliis

65 1920 344 1968 Veteribus.
416 1917 510 1965 Sed
545 1920 744 1966 alterum
764 1955 780 1980 ‚
815 1919 1085 1981 frequentia
1113 1917 1223 1965 vsus
1259 1919 1336 1966 alie

66 2000 288 2049 mentaris
328 1999 472 2060 magis
514 2000 668 2047 adhuc
714 2001 903 2050 celebre
950 2001 1101 2065 (cum
1131 2013 1191 2046 ex
1233 2001 1332 2049 eius

67 2081 350 2142 quibusdam
389 2078 630 2140 speciebus
672 2084 900 2143 optimam
936 2083 1194 2130 habeamus
1230 2079 1335 2129 fari-

64 2174 175 2208 nam
204 2173 292 2220 pro
334 2158 635 2207 conficiendo
676 2177 799 2222 pane
835 2163 1155 2226 quotidiano)
1192 2161 1332 2209 huius

67 2238 246 2286 ordinis
283 2252 474 2300 gramen
507 2238 573 2285 est
613 2240 861 2301 Triticum,
901 2244 1032 2303 quod
1060 2256 1207 2305 genus
1240 2240 1343 2289 Tri--

65 2329 179 2378 ticea
212 2324 420 2374 inscribit
446 2323 841 2384 Scheuchzerus3
886 2326 1092 2388 'glumam
1127 2323 1224 2371 hoc
1258 2340 1336 2373 ex-

66 2410 202 2458 hibet
218 2407 485 2467 biualuem,
522 2408 685 2470 saepius
715 2397 978 2468 trifloram,
1016 2407 1212 2453 corollae
1239 2407 1338 2454 val-

67 2488 229 2535 uulam
257 2487 546 2536 exteriorem
574 2486 919 2547 ventricolam,
958 2488 1199 2546 obtusam,
1227 2502 1337 2537 cum

67 2566 318 2626 acumine,
364 2567 411 2612 in
446 2567 688 2627 speciebus
718 2569 815 2615 aliis
849 2566 1081 2625 aristatam
1106 2603 1121 2628 ‚
1158 2568 1206 2614 in
1238 2567 1336 2614 aliis

65 2643 324 2706 muti-cam,
360 2644 472 2692 hinc
497 2647 564 2695 est
596 2647 800 2709 species,
838 2663 978 2709 quam
1002 2647 1206 2709 appellat
1232 2645 1343 2692 Lin-

631 2725 674 2773 L
711 2740 733 2786 3
1179 2738 1332 2772 naeus:
