1881 3137
468 184 574 252 178
842 169 1201 233 CLASSIS
1249 170 1379 230 XV.

468 299 611 347 etiarn
645 297 989 354 adnumerant,
1027 295 1137 342 dein
1172 295 1272 343 est:
1333 291 1570 362 Medicago‘
1594 329 1609 354 ‚
1653 294 1752 342 flue

461 373 658 437 medica,
698 377 947 424 cochleata
981 373 1167 420 medica
1207 374 1379 422 dicitur
1416 374 1515 422 aliis
1551 383 1751 435 propter

466 456 607 519 spiras
636 456 887 519 pericarpii
918 453 1189 502 cochleatas
1209 489 1225 514 ,
1266 453 1333 500 est
1364 455 1447 502 sub
1480 455 1577 501 hoc
1608 454 1751 515 etiam

468 552 643 601 genere
677 537 866 588 Falcata
900 536 1088 594 Riuini.,
1124 534 1492 595 frequentissime
1520 535 1606 596 per
1633 535 1752 582 Ger·

469 618 674 664 maniam
704 616 873 677 sponte
904 614 1141 675 crescens,
1179 614 1334 662 subest
1371 616 1513 662 etiam
1541 616 1654 663 huic
1679 630 1753 663 or-

472 698 570 744 dini
612 711 760 760 genus
801 695 1079 762 trigonellae,
1130 695 1261 756 quod
1301 696 1634 757 compleffltur
1662 694 1753 757 foe-

471 792 578 826 num
608 793 806 843 graecum
839 777 1135 825 officinarum
1156 813 1171 838 ,
1222 777 1393 825 deinde
1437 774 1719 841 ornithopum
1738 811 1753 835 ,

470 857 520 904 in
556 856 708 903 hortis
755 857 975 918 cultum,
1035 871 1061 903 e
1103 855 1391 903 siluestribus
1441 855 1567 903 aliud
1606 867 1754 916 genus

475 939 724 987 constituit
755 936 1080 1003 Harppocrepis,
1117 937 1197 984 seu
1217 935 1404 999 ferrum
1436 937 1638 1002 equinum
1667 933 1756 980 La-

471 1020 723 1078 tinorum,
772 1018 1059 1064 creberrime
1104 1032 1190 1077 per
1243 1032 1435 1079 campos
1486 1013 1773 1078 Germani&

475 1099 691 1145 obuium.
779 1096 971 1143 Deinde
1000 1098 1048 1143 in
1078 1096 1230 1143 hortis
1267 1111 1326 1143 ex
1355 1096 1450 1143 1100
1482 1096 1650 1143 ordine
1678 1092 1753 1138 ha-

473 1180 679 1226 bemus:
724 1173 1143 1241 AEfchynomenen,
1178 1174 1258 1222 seu
1292 1174 1575 1235 Mimosam‚
1622 1174 1755 1221 cuius

475 1258 669 1319 quidem
705 1256 874 1304 titulus
913 1254 1084 1302 rectius
1126 1255 1359 1314 competit
1392 1268 1526 1301 nouo
1565 1255 1754 1316 generi,

474 1337 606 1396 quod
654 1336 801 1383 habet
844 1335 965 1381 ordo
1003 1334 1431 1395 polyantherarum
1485 1334 1754 1395 pericarpio

472 1415 702 1477 simplici,
746 1412 824 1460 sed
856 1414 1061 1462 maxime
1096 1413 1225 1458 horti
1246 1448 1261 1473 ‚
1297 1421 1527 1474 prataque
1561 1412 1756 1460 Germa-

473 1493 562 1538 niae
588 1491 869 1553 superbiunt
889 1490 1032 1536 Variis
1060 1488 1305 1549 speciebus
1339 1492 1633 1554 elegantibus
1660 1491 1758 1540 He-

472 1572 647 1640 dysarz',
685 1571 816 1633 quod
841 1571 950 1618 alias
974 1571 1115 1617 etiarn
1137 1584 1318 1620 nomen
1342 1571 1512 1618 habet:
1553 1566 1757 1632 Onobry-

472 1650 562 1701 cbis
590 1651 962 1711 Tournefortii,
999 1664 1058 1696 ex
1086 1649 1400 1698 officinalibus
1431 1650 1526 1696 1100
1547 1650 1757 1711 pertinet

474 1733 618 1781 etiam
676 1728 952 1798 glycirrhiza
982 1761 995 1786 ,
1065 1730 1110 1776 &
1169 1728 1330 1796 galega
1382 1730 1431 1774 in
1483 1732 1599 1792 agris
1623 1765 1638 1790 ,
1685 1731 1757 1776 vi-

472 1814 603 1874 neis,
640 1813 891 1872 hortisque
921 1812 1189 1859 Germaniae
1216 1813 1353 1858 cultae
1378 1812 1569 1871 plantae,
1605 1825 1754 1869 porro

475 1912 501 1944 e
530 1892 845 1943 filuestribus:
887 1891 1140 1952 Coronilla,
1179 1891 1338 1939 aestiua
1365 1892 1552 1952 planta,
1588 1889 1752 1950 Lotus,

473 1975 608 2022 cuius
639 1973 784 2019 variae
815 1971 992 2034 species
1036 1972 1081 2017 &
1115 1986 1235 2019 vere
1276 1969 1444 2032 sponte
1479 1970 1752 2031 prodeunt,

473 2056 518 2103 &
546 2054 736 2116 aestate,
774 2055 822 2101 in
853 2053 1005 2101 hortis
1035 2054 1196 2101 multae
1230 2054 1484 2112 coluntur,
1521 2063 1582 2096 eo
1612 2049 1755 2098 etiam

469 2133 712 2181 refertur:
773 2128 1045 2199 Anthyllz's,
1089 2130 1351 2182 vulneraria
1399 2128 1752 2189 recentiorum,

473 2214 597 2264 Cicer
621 2250 634 2272 ,
677 2211 807 2273 quod
843 2212 888 2258 &
915 2211 1117 2260 satiuum
1141 2247 1157 2272 ‚
1195 2210 1240 2257 &
1276 2209 1486 2258 siluestre
1519 2207 1752 2268 habetur,

472 2292 559 2339 alia
587 2290 763 2352 species
794 2291 863 2339 est
889 2292 1008 2342 Lens
1033 2293 1273 2355 vulgum,
1313 2291 1420 2338 dein
1452 2287 1648 2346 Eruuvz,
1687 2302 1754 2334 ar-

469 2371 562 2416 bor
598 2373 791 2418 exotica
832 2367 1149 2435 Tragacantha
1172 2407 1186 2431 ,
1225 2369 1356 2415 vnde
1388 2364 1753 2415 candidiffimum

470 2447 591 2498 illud
633 2452 811 2515 gummi
856 2451 1056 2499 officinae
1099 2450 1496 2511 pharmaceuticae
1540 2446 1749 2502 habent3

471 2527 657 2595 Glycine
689 2532 737 2577 in
767 2531 920 2578 hortis
955 2532 1083 2578 culta
1104 2566 1120 2590 ‚
1173 2528 1372 2577 celebris
1409 2529 1518 2575 alias
1556 2524 1752 2573 nomine

465 2608 616 2673 Apios
638 2611 943 2672 americanae‚
973 2608 1274 2677 Astragalus,
1310 2609 1444 2657 cuius
1470 2605 1631 2654 multae
1654 2602 1752 2663 spe-

1652 2695 1746 2729 cies
