1881 3137
463 194 543 255 82
846 177 1203 239 CLASSIS
1254 176 1358 234 111.

799 321 979 382 Claffis
1018 319 1102 377 ΙΙΙ.
1181 320 1315 378 Ord.
1359 334 1407 392 3.

190 437 443 535 {xlsscafi‘i
580 445 755 498 Tertius
788 445 1048 514 graminum
1082 437 1189 491 ordo
1221 440 1430 503 gramina
1460 438 1591 486 locat
1612 433 1746 504 ‘Aigy-

193 499 366 602 Oltadjs&
471 539 532 577 na
558 522 822 589 composita,
854 521 902 569 id
926 520 994 568 est
1013 557 1028 582 ‚
1066 535 1156 580 ea,
1191 521 1241 566 in
1272 519 1444 580 quibus
1476 517 1751 564 constanter

470 621 574 658 non
607 605 727 652 duos
759 610 946 652 tantum
979 602 1264 664 distinguere
1295 597 1445 658 stylos
1481 599 1630 658 licet,
1672 592 1751 643 sed

473 687 520 734 &
552 687 759 750 glumam
779 722 795 746 .,
833 694 892 730 vt
926 682 993 731 est
1028 699 1054 731 a
1082 681 1300 743 potiori,
1335 676 1621 741 multtfloram
1642 712 1657 735 ‚
1694 676 1752 723 ad

473 771 723 822 minimum
766 764 968 829 btfloram
988 802 1003 824 ,
1055 763 1273 824 adeoque
1321 760 1536 821 pluribus
1577 756 1751 806 talibus

477 861 695 900 ornatam
724 847 904 911 pistillis
937 844 1132 905 distylis.
1208 841 1443 903 Exempla
1473 841 1580 889 sunt
1606 840 1650 887 &
1678 853 1752 902 ge-

474 947 591 981 nera
633 930 773 978 huius
817 926 996 973 ordinis
1032 922 1159 971 haud
1194 937 1383 984 pauca,
1435 936 1538 982 quae
1582 920 1754 982 partim

477 1012 696 1075 singulari
727 1008 811 1056 suo
850 1006 1018 1054 habitu
1048 1002 1259 1052 nostram
1294 1004 1499 1051 inuitant
1519 1037 1535 1064 ,
1573 1002 1618 1050 δι
1647 1014 1755 1061 pro·

476 1103 658 1142 uocant
693 1089 1039 1146 attentionem,
1076 1085 1247 1150 partim
1273 1086 1384 1133 ideo
1415 1086 1558 1133 etiam
1582 1094 1755 1135 notatu

478 1174 732 1242 digniffima
765 1172 873 1221 sunt
895 1205 911 1232 ‚
974 1171 1202 1231 quoniam
1246 1167 1292 1214 &
1329 1170 1481 1216 brutis
1516 1204 1531 1230 ,
1584 1173 1754 1231 quibus

476 1259 684 1308 humana
712 1256 816 1303 vita
844 1254 930 1301 vix
956 1267 1117 1300 carere
1142 1252 1330 1314 potest,
1362 1253 1526 1312 pabuli
1546 1255 1658 1302 loco
1689 1256 1756 1304 in-

476 1339 719 1397 seruiunt,
755 1334 800 1380 &
837 1336 920 1397 ipsi
949 1334 1150 1395 homini,
1183 1335 1402 1382 Domino
1434 1334 1659 1395 illorum„
1707 1338 1757 1386 in

476 1418 835 1469 saluberrimum
859 1451 876 1476 ‚
912 1415 958 1462 &
993 1412 1354 1463 efficaciffimum
1384 1413 1473 1461 suis
1502 1414 1755 1465 seminibus

476 1503 842 1558 nutrimentum,
880 1496 1169 1558 quandoque
1189 1495 1593 1545 medicamentum
1617 1501 1759 1549 etiam

478 1587 673 1634 cedunt.
761 1580 948 1644 Sparsas
984 1582 1125 1628 etiam
1156 1580 1297 1628 nobis
1326 1580 1434 1628 heic
1461 1580 1652 1632 Natura
1684 1586 1756 1635 of-

476 1665 574 1715 fert
611 1663 822 1712 sexuales
860 1660 1201 1709 inconstantias
1226 1696 1243 1722 ‚
1285 1662 1385 1722 ita,
1434 1664 1566 1725 quod
1597 1668 1754 1727 primo

477 1750 592 1796 loco
650 1744 791 1806 ponit
842 1742 1106 1806 graminum
1162 1755 1311 1803 genus
1368 1741 1439 1789 Cl.
1489 1743 1753 1812 Royenus,

476 1830 609 1882 Aira
635 1827 812 1876 dictum
833 1861 850 1886 ‚
886 1826 1044 1887 gluma
1074 1823 1248 1871 biflora
1275 1832 1463 1872 tantum
1493 1840 1754 1893 apparenS,

478 1908 625 1956 habet
654 1906 737 1955 sub
772 1907 817 1955 se
845 1905 1076 1968 speciem,
1112 1904 1162 1951 in
1194 1918 1287 1965 qua
1314 1918 1468 1952 mares
1508 1910 1652 1957 etiam
1688 1912 1753 1960 se-

473 1990 627 2052 parati
673 1987 928 2038 miscentur
967 1984 1367 2046 hermaphroditis
1388 2019 1406 2046 ‚
1458 1987 1632 2039 eodem
1667 1993 1750 2045 sub

477 2075 643 2134 calyce
679 2070 957 2130 communi,
1005 2067 1093 2114 vbi
1124 2077 1230 2115 tum
1263 2065 1478 2115 aristatus
1519 2069 1587 2119 est
1623 2088 1748 2140 mas,

478 2155 523 2201 &
564 2154 744 2203 mutica
783 2152 973 2200 femina.
1075 2149 1244 2218 Quin,
1293 2149 1425 2209 quod
1467 2153 1612 2216 magis
1650 2157 1747 2223 est,

476 2235 602 2284 aliud
635 2236 776 2283 huius
802 2234 980 2282 ordinis
1009 2245 1186 2296 genUS‚
1221 2230 1472 2281 nimirum:
1509 2230 1748 2300 Phalaris,

477 2319 609 2377 quod
637 2315 720 2365 sub
758 2317 804 2365 se
843 2316 991 2364 habet
1026 2317 1154 2363 illam
1185 2314 1421 2377 speciem,
1457 2317 1539 2364 vel
1577 2317 1749 2380 speciei

476 2398 762 2445 varietatem
803 2398 966 2459 potius
1010 2395 1144 2458 pistis
1177 2395 1304 2444 foliis
1322 2430 1338 2456 ‚
1385 2395 1434 2441 in
1467 2396 1620 2446 hortis
1652 2406 1747 2452 cul-

477 2487 600 2541 tam,
628 2481 825 2529 nomine
855 2479 1074 2546 graminis
1107 2477 1266 2528 turcici
1279 2508 1293 2534 ‚
1328 2480 1533 2542 glumam
1560 2492 1750 2537 tantum

476 2561 734 2609 vnifloram
778 2562 926 2610 habet
955 2595 971 2621 ‚
1038 2574 1142 2622 quae
1188 2559 1438 2609 videretur
1492 2567 1749 2618 excludere

472 2641 590 2691 ilud
632 2642 822 2706 prorsus
874 2643 1043 2693 ordine
1098 2643 1387 2708 digynorum
1435 2641 1744 2710 fimplicium,

1665 2723 1745 2773 fed
