1881 3137
475 153 924 217 GRAMINA.
1267 163 1344 226 79

60 288 109 335 in
138 284 246 334 Vsus
274 292 331 332 vt
360 287 577 328 verteret
606 278 730 327 hanc
756 279 912 325 lanam
935 311 951 337 ,
990 288 1092 335 quae
1127 286 1224 321 non
1251 275 1336 322 ob-

60 365 214 414 stante
256 363 434 411 summa
482 359 674 407 filorum
726 357 983 406 subtilitate
1028 354 1336 402 tenacitatem

62 452 223 492 tamen
253 440 517 490 eorundem
546 440 679 488 fimul
717 439 912 486 exhibet
932 472 947 497 ‚
991 449 1092 485 non
1121 444 1334 483 metuen-

63 532 163 572 tem
191 521 411 572 textoriae
446 534 613 569 manus
649 518 986 567 distractiones.

393 683 573 743 Claffis
612 682 700 740 ΙΙΙ.
775 680 906 739 Ord.
951 697 1003 738 2.

168 849 389 901 Secundus
418 849 560 897 claffis
586 850 725 897 huius
755 847 861 896 ordo
891 847 1087 896 exhibet
1119 842 1332 912 gramina
1359 847 1598 916 Eprlicatio

65 929 238 998 digyna
279 927 497 995 simplicia
518 965 532 987 ,
586 937 646 975 vt
689 927 1031 991 distinguantur
1069 926 1124 974 ab
1170 922 1337 971 ordine
1367 901 1598 997 gfff-¹³31·

64 1011 310 1074 sequenti>
356 1010 438 1073 qui
474 1010 622 1057 habet
657 1010 829 1073 digyna
869 1008 1145 1069 composita.
1217 1004 1336 1051 Prae-
1366 1008 1567 1070 Gramina

62 1091 231 1137 monui
260 1090 353 1136 iam
388 1088 639 1138 occasione
665 1086 835 1147 prioris
862 1086 1069 1147 ordiniS,
1108 1096 1165 1133 vt
1193 1084 1339 1132 habet
1366 1064 1560 1157 gffiyfssia

66 1175 209 1223 etiam
244 1169 437 1217 historia
466 1169 605 1228 ipsius
643 1166 820 1214 claffis:
871 1167 958 1214 alia
992 1166 1235 1229 gramina,
1280 1172 1338 1210 vt
1443 1129 1468 1170 p
1564 1143 1575 1156 ⁸

63 1264 368 1312 monogyna,
402 1249 604 1295 vnicum
636 1255 822 1293 tantum
844 1281 859 1305 ‚
897 1245 943 1292 ὃς
977 1245 1234 1306 simplicem
1259 1243 1337 1290 ha-

61 1336 176 1383 bere
216 1332 390 1392 stylum
415 1366 430 1391 ,
479 1332 567 1378 alia
605 1344 728 1377 vero
768 1329 993 1390 duobus,
1040 1332 1122 1377 vel
1164 1328 1340 1389 duplici

61 1412 265 1477 gaudere
294 1410 419 1471 stylo
443 1447 459 1471 ‚
497 1425 648 1471 eaque
684 1407 857 1474 digyna
893 1409 1010 1470 effe,
1059 1425 1163 1471 quae
1199 1409 1338 1457 adeo-

67 1508 160 1555 que
209 1491 493 1553 digynorum
538 1491 645 1537 idea
687 1506 773 1550 pci·
823 1491 869 1536 se
916 1491 1023 1538 satis
1077 1494 1200 1539 clara
1252 1490 1343 1539 est.

61 1575 230 1635 Itaque
259 1586 387 1618 nunc
413 1571 555 1619 restat
585 1572 745 1618 saltem
788 1573 998 1619 eruenda
1032 1575 1172 1620 notio
1212 1570 1338 1640 Aigy-

61 1668 221 1705 norum
242 1650 527 1717 simplicium,
565 1653 611 1698 δε
635 1653 996 1717 compositorum,
1027 1656 1130 1702 haec
1153 1664 1210 1702 Vt
1232 1653 1337 1701 satis

62 1732 273 1782 distincta
304 1732 550 1792 capiatur,
588 1742 786 1792 oportet
817 1734 931 1780 scire
951 1766 968 1790 .,
1020 1734 1201 1795 glumas
1239 1747 1336 1794 gra-

61 1813 272 1872 minum,
309 1811 567 1874 (singulare
603 1811 751 1870 iliud,
788 1825 885 1869 quo
915 1811 960 1859 se
993 1815 1050 1861 ab
1084 1817 1180 1863 aliis
1207 1818 1338 1876 plan-

37 1895 120 1956 -tis
151 1891 469 1954 distinguunt,
507 1892 661 1938 calicis
695 1892 912 1956 genum)
948 1893 995 1939 in
1030 1895 1127 1942 aliis
1162 1898 1339 1944 vniflo-

61 1988 138 2022 ras
164 1981 350 2021 tantum
370 2009 386 2033 ‚
422 1975 570 2020 rarius
603 1973 823 2032 hissoi-as,
861 1975 908 2021 in
940 1974 1150 2034 plurimis
1177 1978 1337 2024 multi-

61 2054 204 2103 floras
239 2051 329 2098 ess'e
351 2088 367 2112 ‚
413 2055 504 2100 iam
527 2087 542 2111 ‚
589 2051 674 2098 vbi
716 2052 934 2099 vniflorae
971 2063 1158 2101 tantum
1195 2054 1331 2116 sunt,

63 2137 282 2196 adeoque
318 2134 442 2180 intra
475 2132 665 2178 vnicam
701 2134 906 2193 glumam
949 2149 1103 2183 vnum
1145 2145 1333 2184 tantum

59 2217 308 2268 flosculum
335 2214 533 2272 fouent,
571 2227 656 2273 per
691 2211 983 2272 consequens
1013 2217 1199 2263 nonnifi
1228 2218 1335 2265 Vni-

59 2315 170 2349 cum
204 2300 345 2346 etiam
375 2297 598 2360 pistillum
629 2295 839 2356 habent,
875 2298 1083 2358 gramina
1111 2298 1333 2348 dicuntur

59 2387 203 2434 etiam
228 2379 401 2446 digyna
415 2374 657 2442 simplicia,
697 2378 761 2424 ob
794 2374 1006 2441 duplicem
1039 2380 1230 2440 quidem
1239 2381 1330 2447 sty-

58 2460 149 2513 lum
178 2456 376 2526 digyna,
414 2454 492 2502 sed
524 2456 587 2502 ob
619 2456 965 2518 simplicitatem
997 2459 1334 2522 flosculorum,f

62 2556 167 2603 quae
201 2552 309 2588 raro
350 2537 548 2584 vnicurn
587 2536 820 2584 admiserit
858 2535 1038 2587 socium
1083 2541 1131 2587 in
1175 2519 1331 2608 glumsa

59 2619 243 2684 bfflora,
266 2617 509 2684 fimplicizsp
570 2615 642 2664 Ea
671 2617 811 2678 igitur
839 2615 999 2664 omnia
1023 2613 1097 2684 dig
1098 2631 1195 2684 yna
1218 2633 1330 2684 gra-

1176 2706 1326 2755 muna,
