1881 3137
262 177 302 235 4
736 151 1208 215 PROLOGVS.

261 281 419 343 solet,
459 277 711 354 depingit.
798 278 1008 334 Verum
1029 310 1045 340 ‚
1084 276 1202 332 suos
1234 287 1293 331 vt
1324 274 1549 350 quisque
1579 285 1687 330 mas

268 389 360 429 nes
390 372 647 445 patimur,
686 368 754 424 fic
784 370 969 443 vtique
1005 368 1057 422 in
1089 365 1177 421 illo
1219 366 1689 439 Systematicorum

265 463 452 521 ordine
481 462 609 518 alter
630 461 749 535 post
771 459 995 516 alterum
1027 460 1080 514 in
1111 458 1272 514 alium
1303 457 1477 515 incidit
1505 455 1688 512 alium-

266 572 373 628 que
404 554 631 610 iudicem
653 585 668 612 2
709 564 956 623 tempore
987 547 1236 604 seriorem
1259 582 1273 610 ‚
1315 563 1481 622 quem
1515 561 1573 601 vt
1604 562 1688 599 re-

266 647 468 702 centior
500 658 619 699 aetas
649 641 929 703 docuerat,
970 639 1330 696 crebrioribus
1363 635 1691 694 consultatio-

266 737 420 794 nibus
442 733 684 809 expiscari
710 732 971 789 Naturam
986 730 1380 805 Vegetabilem‚
1421 726 1693 799 oculisque

269 828 306 886 fi
351 844 461 884 non
504 837 797 882 armauerat
837 822 1116 898 pluribus,
1171 836 1347 878 tamen
1379 817 1691 875 eminentius

268 933 474 975 acuerat
494 953 510 980 ,
561 918 627 972 ita
659 919 721 974 &
751 928 937 988 aptum
968 912 1229 976 reddidit,
1279 913 1372 985 qui
1408 906 1691 983 systematis

267 1010 464 1067 inuenti
496 1007 757 1082 plurimos
788 1004 1013 1060 indicare
1048 1019 1228 1060 naeuos
1251 1037 1268 1066 ‚
1316 1017 1514 1073 eosque
1538 994 1691 1054 fimul

266 1114 577 1174 expungere
623 1093 840 1152 feliciter
885 1090 1053 1167 poffet
1074 1127 1091 1157 ,
1147 1090 1492 1150 crescentibus
1533 1090 1690 1145 etiam

266 1191 361 1248 sub
393 1187 634 1245 manibus
673 1184 911 1259 reliquis,
951 1201 1070 1258 quae
1104 1181 1296 1239 seruire
1324 1182 1540 1239 scientiae
1565 1179 1690 1237 huic

267 1280 506 1358 possunt,
538 1277 794 1352 subsidii53
850 1278 959 1332 imo
987 1292 1119 1332 vero
1140 1311 1156 1338 ,
1197 1295 1316 1352 quae
1344 1273 1690 1331 recentiffima

268 1375 425 1432 etiam
455 1370 630 1427 nostra
660 1383 808 1426 aetate
839 1367 1033 1424 florent
1061 1366 1233 1424 adhuc
1261 1367 1531 1441 systemata
1557 1400 1572 1427 ,
1621 1367 1691 1421 ita

224 1512 236 1527 .
268 1466 386 1522 sane
407 1476 705 1537 comparata
727 1459 878 1520 sunt,
917 1471 976 1514 vt
1003 1474 1068 1513 ex
1091 1460 1239 1513 omni
1258 1473 1407 1531 parte
1426 1474 1538 1514 non
1557 1454 1690 1512 satis-

266 1555 495 1617 faciant,
568 1550 718 1626 quod
757 1566 884 1622 pace
922 1547 1342 1605 Clariffimorum
1382 1547 1690 1604 Auctorum

270 1647 508 1708 dixerim.
587 1641 738 1699 Abfit
761 1654 935 1696 tamen
965 1638 1261 1713 longissime
1281 1673 1296 1701 ‚
1337 1654 1396 1696 vt
1428 1640 1547 1696 ideo
1577 1639 1694 1696 sub.

266 1736 402 1798 trahi
421 1734 665 1791 Historiae
689 1730 1078 1806 Vegetabilium
1100 1747 1347 1804 optarem
1369 1732 1691 1788 methodum
1778 1732 1783 1735 ’

267 1829 638 1905 systematicam
650 1860 667 1889 ‚
706 1824 838 1880 adeo
861 1823 925 1880 ab
945 1823 1050 1878 hoc
1072 1822 1201 1878 disto
1225 1837 1357 1881 voto
1379 1859 1395 1888 ,
1435 1840 1495 1881 vt
1515 1826 1690 1898 potius

268 1917 704 1997 persuafiffimum
727 1915 949 1972 habeam
963 1950 978 1977 ‚
1024 1914 1222 1970 reditus
1244 1932 1311 1970 ex
1334 1915 1518 1971 ordine
1541 1915 1691 1989 syste-

271 2012 462 2069 matico
485 2007 607 2063 huic
629 2005 886 2080 applicato
910 2004 1150 2061 Historiae
1176 2004 1381 2061 infinitis
1409 2006 1691 2062 detrimen·
1739 2014 1744 2018 ‘

272 2117 324 2159 ta
345 2113 749 2175 quantacunque
770 2094 1014 2170 superare
1043 2098 1279 2152 numeris
1298 2131 1314 2160 ‚
1357 2115 1476 2172 quae
1510 2099 1695 2154 minari

272 2193 520 2251 videntur
540 2189 820 2263 systematis
850 2187 1228 2263 qualiscunque
1256 2189 1383 2245 boni
1408 2189 1694 2247 obseruatae

272 2279 713 2357 imperfectione&
793 2277 1056 2354 Agnoscet
1075 2279 1126 2335 id
1149 2297 1302 2352 aeque
1323 2281 1496 2336 nostra
1521 2281 1690 2354 poste-

272 2377 420 2439 ritaS,
459 2391 517 2430 ac
541 2389 638 2429 nos
662 2406 678 2436 ‚
725 2374 1151 2445 recentioresque
1175 2372 1411 2445 inprimis
1434 2373 1692 2447 Systema-

273 2466 357 2521 tici
390 2478 568 2539 gratos
605 2462 729 2519 hine
760 2461 971 2521 abunde
1002 2458 1250 2538 legerunt
1289 2461 1496 2524 fructus
1529 2467 1693 2525 Ante·

273 2551 536 2612 cefforum
562 2549 797 2611 suorum.

1631 2746 1705 2808 At
