1881 3137
340 121 1043 187 VMBELLIFERAE.
1240 142 1339 185 111

75 246 384 310 distinguere,
427 243 512 291 nisi
549 243 670 290 adeo
715 247 837 293 clare
876 243 1217 293 discerneretur
1262 246 1349 293 flo-

75 326 211 376 sculis
243 325 466 373 omnibus
497 323 760 386 fertilibus,
810 333 892 372 aut
923 323 1350 386 hermaphroditi3‚

76 422 186 456 cum
229 404 427 466 sequens
466 418 614 466 genus
651 405 926 452 constanter
961 405 1204 465 propriam
1245 403 1354 451 disci

75 485 304 531 corollam
339 484 524 533 nonnifi
568 485 776 534 maribus
821 485 1152 546 conspicuam,
1208 481 1354 529 radia-

72 568 166 616 lem
198 577 358 617 autem
385 568 567 630 semper
590 568 1073 630 hermaphroditicam
1110 569 1351 628 exhibeat,

72 648 349 709 proximum
388 647 512 695 enim
556 662 704 710 genus
749 650 976 699 Auttoris
1015 649 1212 702 Caucalz's
1255 651 1352 711 est,

74 728 209 774 cuius
247 728 454 775 maxime
485 728 694 789 vulgaris
735 730 802 777 est
832 730 1009 791 species
1040 731 1255 778 Caucalis
1287 744 1353 777 ar-

71 808 224 854 uenfis
247 806 449 853 latifolia
465 806 694 867 Bauhini,
728 810 1097 872 frequentissime
1120 826 1207 872 per
1232 811 1351 857 Ger-

69 887 273 935 maniam
316 886 485 948 sponte
527 887 768 950 crescenS,
826 905 995 953 quam,
1034 891 1348 940 abstrahendo

70 983 97 1013 a
136 965 416 1014 differentiis
453 967 601 1015 modo
644 977 952 1031 memoi·atiS,
1023 986 1085 1018 ex
1122 970 1347 1018 vniuerso

67 1047 234 1095 habitu
268 1047 460 1109 aspero,
496 1049 544 1096 in
583 1047 737 1108 specie
770 1059 933 1098 autem
962 1066 988 1097 e
1018 1050 1138 1098 striis
1169 1050 1347 1100 fructus

69 1127 523 1191 longitudinalibus,
572 1144 659 1189 per
698 1131 975 1181 vniuersum
1005 1148 1152 1196 genus
1192 1135 1350 1199 rigidis

64 1209 302 1257 munitum
334 1208 493 1255 seculis
524 1217 715 1269 promte
743 1207 851 1257 satis
879 1211 1152 1274 dignoscere
1189 1214 1348 1261 liceat.

64 1289 158 1337 Sed
188 1289 315 1336 aliud
347 1290 490 1337 etiam
522 1304 584 1337 ex
615 1290 711 1338 hoc
738 1292 906 1339 ordine
929 1293 1113 1353 prostat
1138 1292 1346 1340 officina-

59 1369 176 1417 lium
204 1363 476 1430 plantarum
505 1385 653 1433 genus
686 1371 871 1419 virtute
905 1371 1089 1419 seminis
1129 1374 1347 1421 calefaci-

62 1459 199 1508 ente,
245 1450 553 1495 carminatiua
586 1449 805 1508 celebre,
849 1450 1026 1497 scilicet
1060 1451 1129 1498 est
1158 1454 1347 1508 Ammi,

63 1531 198 1578 cuius
223 1530 358 1577 aliam
378 1529 582 1591 speciem
601 1529 765 1576 Ammi
791 1530 968 1590 maius,
1006 1531 1050 1577 δε
1070 1532 1207 1580 aliam
1225 1530 1351 1580 Am-

57 1611 122 1659 mi
144 1623 346 1670 paruum
370 1619 519 1656 vocat
538 1607 807 1664 Bauhmus,
845 1607 1114 1657 differentia
1141 1610 1237 1659 sola
1255 1626 1342 1673 po-

55 1689 139 1738 fita
158 1689 208 1735 in
232 1689 411 1735 laciniis
445 1688 676 1736 foliorum
707 1689 881 1748 caulis,
918 1704 1035 1749 quas
1066 1692 1214 1738 maius
1241 1695 1342 1741 lan-

55 1769 293 1829 ceolataS,
329 1770 485 1818 minus
515 1767 758 1828 capillarcs
789 1776 975 1815 tantum
999 1768 1172 1830 offert,
1210 1781 1339 1820 vtra-

56 1863 148 1909 que
182 1847 388 1910 species,
445 1863 537 1896 nec
582 1848 709 1893 enim
749 1845 976 1893 hactenus
1023 1849 1183 1907 plures
1226 1862 1338 1909 pro-

53 1931 205 1988 stant,
238 1928 471 1980 vmbellam
490 1924 778 1986 vniuerlhlem
805 1927 983 1976 format
1003 1932 1333 1995 multiplicem,

53 2012 173 2073 saepe
205 2026 265 2071 50
296 2010 435 2057 radiis
467 2013 796 2071 constantem,
838 2010 1076 2075 partialem
1105 2014 1332 2078 breuem,

52 2087 352 2147 confertam,
401 2088 674 2137 inuolucrum
714 2088 959 2151 vniuersale
1000 2089 1253 2141 substernit
1306 2113 1333 2144 e

49 2167 231 2216 foliolis
265 2167 512 2229 pluribus,
557 2169 842 2228 linearibus,
893 2171 1093 2229 pinnato
1116 2201 1131 2206 -
1153 2176 1330 2238 acutis,

51 2249 136 2296 vix
167 2248 392 2295 vmbcllae
424 2249 770 2313 longitudinem
807 2249 1142 2297 emetientibus
1163 2287 1179 2312 ,
1223 2261 1333 2317 par-

49 2329 154 2383 tiale
170 2329 536 2392 polyphyuum,
561 2330 741 2378 foliolis
758 2330 1042 2391 linearibUS,
1069 2335 1248 2395 acutis,
1286 2335 1332 2382 &

49 2410 361 2472 fimplicibUS,
399 2412 611 2458 Vmbella
643 2424 762 2458 vere
793 2407 1111 2457 breuioribus.
1180 2411 1331 2460 Aliud

52 2492 294 2552 cognitum
335 2492 476 2539 huius
520 2493 698 2541 ordinis
739 2504 919 2554 genUS,
979 2490 1024 2536 &
1056 2496 1328 2556 exemplum

45 2567 232 2620 Daucus
258 2569 351 2632 est,
390 2573 522 2621 cuius
545 2573 750 2634 species,
785 2570 833 2618 id
856 2569 954 2631 est,
988 2570 1189 2622 Daucus
1225 2575 1330 2644 vul-

1192 2664 1330 2716 garis,
