1881 3137
407 133 1041 194 LEGVMINOSAE.
1267 155 1375 214 177

103 256 258 303 varias
301 254 475 317 species
515 257 564 304 in
608 253 865 304 Germania
909 254 1079 317 sponte
1119 259 1368 323 crescunt,

101 334 177 383 sed
206 336 250 383 &
280 335 447 382 crebro
480 335 528 382 in
556 333 708 382 hortis
740 337 867 397 eius,
907 337 1126 398 aruisque
1148 342 1372 392 coluntur

100 427 299 479 propter
332 416 568 479 legumina
601 415 790 475 edulia,
842 415 887 462 &
923 417 1068 465 flores
1103 420 1254 468 oeulis
1296 422 1371 471 ad-

99 496 296 545 modum
339 495 653 544 blandientes,
758 493 1015 543 Suffecerit
1053 497 1181 545 forte
1221 503 1370 549 nomi-

97 573 223 623 nasse
246 572 378 640 pisa,
429 571 625 637 Iathyros
644 603 658 631 ‚
695 572 843 622 ‘vicias
863 605 876 630 ,
921 574 1073 624 orobos
1094 611 1109 636 ,
1160 576 1366 641 lupinos,

91 651 340 719 phaftolos,
373 648 614 711 dolichum,
651 649 828 718 cytisbs,
843 650 1100 716 spartium,
1130 654 1369 721 genistam,

98 727 385 795 anagyridem
403 759 417 786 ,
453 727 498 774 &
533 726 788 777 Robiniam.
858 727 1156 791 Frequenter
1190 733 1238 779 in
1270 735 1367 781 hoc

99 811 266 859 ordine
303 809 509 870 reperias
547 806 821 861 scandentes
861 809 1045 869 plantas
1086 826 1171 873 per
1209 816 1365 862 caules

101 890 368 947 volubiles,
405 886 449 935 &
486 888 736 949 capreolos
761 885 838 937 hie
865 902 965 940 non
992 892 1147 944 minus
1173 893 1367 943 crebros

100 969 296 1019 adiutas,

407 1154 588 1215 Claffis
625 1154 744 1215 XV.
821 1154 952 1216 Ord.
995 1174 1049 1217 2.

144 1275 758 1337 LEGVMINOSAE
834 1277 1320 1336 LEGVMINE

445 1382 990 1442 IRREGVLARI.

193 1521 434 1571 Anomala
473 1522 655 1586 semper
696 1522 762 1570 est
798 1524 844 1571 in
877 1523 1192 1585 leguminibus
1227 1524 1366 1574 huius
1397 1537 1633 1592 Explicatio

95 1607 275 1655 ordinis
309 1608 464 1655 forma
483 1643 498 1668 ,
541 1608 573 1655 fi
607 1607 958 1669 comparaueris
990 1621 1098 1656 cum
1127 1607 1282 1656 forma
1307 1609 1370 1655 le·
1395 1592 1647 1687 gljffiszxv·

72 1670 340 1752 ’‘guminum
370 1687 541 1747 prioris
571 1687 779 1747 ordinis,
817 1701 1062 1747 nunquam
1093 1687 1175 1734 vel
1211 1686 1368 1746 quoad
1398 1674 1635 1756 Legu'miriose

95 1775 256 1814 totum
281 1766 364 1814 fibi
396 1766 643 1825 constanS,
680 1766 763 1814 vel
785 1766 942 1826 quoad
962 1776 1150 1828 partes,
1187 1766 1369 1826 vbique
1399 1759 1596 1850 {³3“m{’²²,

98 1845 353 1905 abluden5‚
391 1847 632 1906 exempla,
670 1844 714 1890 &
732 1859 906 1906 genera
931 1846 1133 1906 plurima
1155 1845 1370 1898 offerunt
1396 1822 1518 1863 arregu
1537 1822 1608 1850 ‘m'

95 1926 268 1988 plantae
294 1925 572 1986 frequenter
602 1926 650 1972 in
681 1924 938 1973 Germania
969 1924 1137 1986 sponte
1161 1927 1368 1987 crescen-

95 2016 169 2054 tes
188 2039 204 2066 ,
242 2005 435 2065 aliaeque
456 2007 504 2051 in
525 2005 676 2053 hortis
707 2006 805 2052 eius
833 2006 971 2052 cultae
994 2042 1009 2067 ,
1046 2009 1112 2053 ita
1132 2023 1191 2054 ex
1215 2008 1367 2056 hortis

95 2088 192 2136 huc
225 2085 494 2146 pertinent:
535 2082 746 2143 Coluteae,
784 2085 1010 2133 veficaria
1033 2085 1243 2146 inprimis
1271 2086 1367 2144 illa,

97 2166 143 2213 δι
175 2162 427 2222 aethiopica
447 2198 462 2223 ,
512 2161 682 2211 deinde
715 2161 920 2212 ononides
942 2200 955 2223 ‚
1016 2179 1216 2224 quarum
1243 2165 1371 2213 haud

95 2257 258 2305 paucae
289 2241 457 2303 sponte
489 2241 705 2292 crescunt
738 2256 823 2302 per
860 2240 1165 2290 Germaniam
1185 2278 1199 2303 ‚
1255 2244 1369 2303 p‘raee

95 2326 236 2386 cipue
271 2337 466 2384 quoque
508 2322 587 2369 illa
627 2320 905 2381 officinalis,
964 2322 1096 2368 cuius
1139 2320 1370 2368 diuretica

94 2403 227 2453 radix
259 2410 512 2462 tantopere
538 2399 756 2447 laudatur
789 2400 913 2446 inter
942 2399 1207 2460 aperientes
1239 2398 1371 2456 quin.-

98 2489 216 2536 que,
253 2475 377 2522 aliud
400 2475 719 2536 ampliffimum
737 2487 911 2535 genus,
949 2473 1043 2519 huc
1064 2469 1369 2519 referendum

92 2552 343 2604 constituit
385 2552 606 2619 trzfhlimn
630 2586 647 2614 ,
701 2552 777 2600 eui
820 2550 1057 2604 melilotum
1096 2548 1371 2617 officinarum

681 2630 723 2681 Z
1230 2630 1372 2675 etiam
