<?xml version="1.0" encoding="UTF-8"?>
<!DOCTYPE html PUBLIC "-//W3C//DTD XHTML 1.0 Transitional//EN"
    "http://www.w3.org/TR/xhtml1/DTD/xhtml1-transitional.dtd">
<html xmlns="http://www.w3.org/1999/xhtml" xml:lang="en" lang="en">
 <head>
  <title>
</title>
<meta http-equiv="Content-Type" content="text/html;charset=utf-8" />
  <meta name='ocr-system' content='tesseract 3.04.00' />
  <meta name='ocr-capabilities' content='ocr_page ocr_carea ocr_par ocr_line ocrx_word'/>
</head>
<body>
  <div class='ocr_page' id='page_1' title='image "./philfridgmelinot00gmel_0080.png"; bbox 0 0 1881 3137; ppageno 0'>
   <div class='ocr_carea' id='block_1_1' title="bbox 497 190 1349 260">
    <p class='ocr_par' dir='ltr' id='par_1_1' title="bbox 497 190 1349 260">
     <span class='ocr_line' id='line_1_1' title="bbox 497 190 1349 260; baseline -0.013 0"><span class='ocrx_word' id='word_1_1' title='bbox 497 200 574 260; x_wconf 84' lang='lat'><strong>66</strong></span> <span class='ocrx_word' id='word_1_2' title='bbox 920 190 1349 254; x_wconf 81' lang='lat' dir='ltr'><strong>CLASSISI.</strong></span> 
     </span>
    </p>
   </div>
   <div class='ocr_carea' id='block_1_2' title="bbox 493 311 1778 2708">
    <p class='ocr_par' dir='ltr' id='par_1_2' title="bbox 493 311 1778 2708">
     <span class='ocr_line' id='line_1_2' title="bbox 495 311 1772 396; baseline -0.005 -28"><span class='ocrx_word' id='word_1_3' title='bbox 495 319 677 381; x_wconf 78' lang='lat' dir='ltr'><strong>semper</strong></span> <span class='ocrx_word' id='word_1_4' title='bbox 704 317 772 366; x_wconf 91' lang='lat' dir='ltr'><strong>est</strong></span> <span class='ocrx_word' id='word_1_5' title='bbox 793 317 973 365; x_wconf 86' lang='lat' dir='ltr'><strong>ramosa</strong></span> <span class='ocrx_word' id='word_1_6' title='bbox 991 352 1006 376; x_wconf 77' lang='lat'>,</span> <span class='ocrx_word' id='word_1_7' title='bbox 1041 315 1237 377; x_wconf 86' lang='lat' dir='ltr'><strong>plures</strong></span> <span class='ocrx_word' id='word_1_8' title='bbox 1226 330 1274 361; x_wconf 90' lang='lat' dir='ltr'>m</span> <span class='ocrx_word' id='word_1_9' title='bbox 1298 325 1499 396; x_wconf 78' lang='lat' dir='ltr'><strong>ramQ</strong></span> <span class='ocrx_word' id='word_1_10' title='bbox 1525 311 1571 359; x_wconf 87' lang='lat'>&amp;</span> <span class='ocrx_word' id='word_1_11' title='bbox 1594 312 1772 374; x_wconf 89' lang='lat' dir='ltr'><strong>pedun-</strong></span> 
     </span>
     <span class='ocr_line' id='line_1_3' title="bbox 497 373 1771 456; baseline -0.009 -7"><span class='ocrx_word' id='word_1_12' title='bbox 497 401 632 449; x_wconf 86' lang='lat' dir='ltr'>culos</span> <span class='ocrx_word' id='word_1_13' title='bbox 661 396 902 446; x_wconf 89' lang='lat' dir='ltr'><strong>floriferos</strong></span> <span class='ocrx_word' id='word_1_14' title='bbox 936 393 1062 456; x_wconf 83' lang='lat' dir='ltr'><strong>fiffa</strong></span> <span class='ocrx_word' id='word_1_15' title='bbox 1101 394 1234 442; x_wconf 85' lang='lat' dir='ltr'><strong>cuius</strong></span> <span class='ocrx_word' id='word_1_16' title='bbox 1271 373 1456 439; x_wconf 77' lang='lat' dir='ltr'>ordinis</span> <span class='ocrx_word' id='word_1_17' title='bbox 1485 397 1701 454; x_wconf 84' lang='lat' dir='ltr'><strong>exempla</strong></span> <span class='ocrx_word' id='word_1_18' title='bbox 1725 393 1771 441; x_wconf 87' lang='lat'>&amp;</span> 
     </span>
     <span class='ocr_line' id='line_1_4' title="bbox 497 473 1775 540; baseline -0.001 -15"><span class='ocrx_word' id='word_1_19' title='bbox 497 491 672 540; x_wconf 85' lang='lat' dir='ltr'><strong>genera</strong></span> <span class='ocrx_word' id='word_1_20' title='bbox 703 477 809 526; x_wconf 87' lang='lat' dir='ltr'><strong>sunt</strong></span> <span class='ocrx_word' id='word_1_21' title='bbox 846 475 1049 521; x_wconf 79' lang='lat' dir='ltr'><strong>exoticae</strong></span> <span class='ocrx_word' id='word_1_22' title='bbox 1084 475 1173 522; x_wconf 87' lang='lat' dir='ltr'><strong>illae</strong></span> <span class='ocrx_word' id='word_1_23' title='bbox 1207 486 1337 520; x_wconf 83' lang='lat' dir='ltr'><strong>verae</strong></span> <span class='ocrx_word' id='word_1_24' title='bbox 1382 473 1647 534; x_wconf 82' lang='lat' dir='ltr'><strong>palmarum</strong></span> <span class='ocrx_word' id='word_1_25' title='bbox 1678 475 1775 538; x_wconf 84' lang='lat' dir='ltr'><strong>spe-</strong></span> 
     </span>
     <span class='ocr_line' id='line_1_5' title="bbox 499 551 1772 616; baseline -0.001 -13"><span class='ocrx_word' id='word_1_26' title='bbox 499 558 623 616; x_wconf 78' lang='lat' dir='ltr'><strong>cies,</strong></span> <span class='ocrx_word' id='word_1_27' title='bbox 661 555 707 601; x_wconf 89' lang='lat'>&amp;</span> <span class='ocrx_word' id='word_1_28' title='bbox 735 555 1031 614; x_wconf 77' lang='lat' dir='ltr'><strong>Veteribus,</strong></span> <span class='ocrx_word' id='word_1_29' title='bbox 1069 551 1115 598; x_wconf 89' lang='lat'>&amp;</span> <span class='ocrx_word' id='word_1_30' title='bbox 1141 552 1512 599; x_wconf 88' lang='lat' dir='ltr'><strong>Recentioribus</strong></span> <span class='ocrx_word' id='word_1_31' title='bbox 1533 555 1599 602; x_wconf 86' lang='lat' dir='ltr'><strong>ita</strong></span> <span class='ocrx_word' id='word_1_32' title='bbox 1622 553 1772 615; x_wconf 64' lang='lat' dir='ltr'><strong>dietae,</strong></span> 
     </span>
     <span class='ocr_line' id='line_1_6' title="bbox 498 629 1776 701; baseline -0.007 -11"><span class='ocrx_word' id='word_1_33' title='bbox 498 656 525 690; x_wconf 83' lang='lat' dir='ltr'><strong>a</strong></span> <span class='ocrx_word' id='word_1_34' title='bbox 552 641 753 689; x_wconf 86' lang='lat' dir='ltr'><strong>Linnaeo</strong></span> <span class='ocrx_word' id='word_1_35' title='bbox 783 637 1005 685; x_wconf 89' lang='lat' dir='ltr'><strong>nomine:</strong></span> <span class='ocrx_word' id='word_1_36' title='bbox 1046 629 1273 701; x_wconf 78' lang='lat' dir='ltr'><strong>Corypha,</strong></span> <span class='ocrx_word' id='word_1_37' title='bbox 1312 631 1620 699; x_wconf 81' lang='lat' dir='ltr'><strong>Chamaerops,</strong></span> <span class='ocrx_word' id='word_1_38' title='bbox 1644 632 1776 683; x_wconf 80' lang='lat' dir='ltr'><em>Phoe-</em></span> 
     </span>
     <span class='ocr_line' id='line_1_7' title="bbox 499 714 1775 787; baseline -0.009 -14"><span class='ocrx_word' id='word_1_39' title='bbox 499 724 615 781; x_wconf 81' lang='lat' dir='ltr'><strong>nix,</strong></span> <span class='ocrx_word' id='word_1_40' title='bbox 653 719 699 766; x_wconf 87' lang='lat'>&amp;</span> <span class='ocrx_word' id='word_1_41' title='bbox 738 718 874 787; x_wconf 68' lang='lat' dir='ltr'><strong>Cycas</strong></span> <span class='ocrx_word' id='word_1_42' title='bbox 907 717 1170 778; x_wconf 75' lang='lat' dir='ltr'><strong>infignitae,</strong></span> <span class='ocrx_word' id='word_1_43' title='bbox 1214 715 1315 762; x_wconf 78' lang='lat' dir='ltr'><strong>aJiae</strong></span> <span class='ocrx_word' id='word_1_44' title='bbox 1349 714 1600 775; x_wconf 79' lang='lat' dir='ltr'><strong>hybridae,</strong></span> <span class='ocrx_word' id='word_1_45' title='bbox 1648 715 1775 776; x_wconf 85' lang='lat' dir='ltr'><strong>aliae,</strong></span> 
     </span>
     <span class='ocr_line' id='line_1_8' title="bbox 501 795 1775 863; baseline -0.006 -13"><span class='ocrx_word' id='word_1_46' title='bbox 501 804 690 863; x_wconf 87' lang='lat' dir='ltr'><strong>illaeque</strong></span> <span class='ocrx_word' id='word_1_47' title='bbox 714 798 1071 861; x_wconf 83' lang='lat' dir='ltr'><strong>frequentiores</strong></span> <span class='ocrx_word' id='word_1_48' title='bbox 1095 796 1298 855; x_wconf 80' lang='lat' dir='ltr'><strong>dioeciae‚</strong></span> <span class='ocrx_word' id='word_1_49' title='bbox 1333 803 1479 856; x_wconf 86' lang='lat' dir='ltr'><strong>atque</strong></span> <span class='ocrx_word' id='word_1_50' title='bbox 1510 795 1775 845; x_wconf 87' lang='lat' dir='ltr'><strong>monoeciae.</strong></span> 
     </span>
     <span class='ocr_line' id='line_1_9' title="bbox 497 873 1774 942; baseline -0.003 -12"><span class='ocrx_word' id='word_1_51' title='bbox 497 881 572 930; x_wconf 84' lang='lat' dir='ltr'><strong>Ita</strong></span> <span class='ocrx_word' id='word_1_52' title='bbox 610 881 826 942; x_wconf 82' lang='lat' dir='ltr'><strong>hybridae</strong></span> <span class='ocrx_word' id='word_1_53' title='bbox 859 878 968 927; x_wconf 88' lang='lat' dir='ltr'><strong>sunt</strong></span> <span class='ocrx_word' id='word_1_54' title='bbox 997 878 1219 937; x_wconf 82' lang='lat' dir='ltr'><strong>exempla</strong></span> <span class='ocrx_word' id='word_1_55' title='bbox 1250 873 1388 941; x_wconf 70' lang='lat' dir='ltr'><strong>chas</strong></span> <span class='ocrx_word' id='word_1_56' title='bbox 1406 911 1421 936; x_wconf 92' lang='lat'>‚</span> <span class='ocrx_word' id='word_1_57' title='bbox 1467 876 1513 922; x_wconf 90' lang='lat'>&amp;</span> <span class='ocrx_word' id='word_1_58' title='bbox 1544 874 1774 941; x_wconf 61' lang='lat' dir='ltr'><strong>Coryphe,</strong></span> 
     </span>
     <span class='ocr_line' id='line_1_10' title="bbox 498 953 1774 1024; baseline -0.004 -13"><span class='ocrx_word' id='word_1_59' title='bbox 498 964 748 1011; x_wconf 85' lang='lat' dir='ltr'><strong>monoeciae</strong></span> <span class='ocrx_word' id='word_1_60' title='bbox 786 962 970 1020; x_wconf 64' lang='lat' dir='ltr'><strong>Comus,</strong></span> <span class='ocrx_word' id='word_1_61' title='bbox 1009 959 1054 1007; x_wconf 86' lang='lat'>&amp;</span> <span class='ocrx_word' id='word_1_62' title='bbox 1084 957 1311 1024; x_wconf 52' lang='lat' dir='ltr'><strong>Commta,</strong></span> <span class='ocrx_word' id='word_1_63' title='bbox 1346 956 1556 1003; x_wconf 88' lang='lat' dir='ltr'><strong>dioeciae:</strong></span> <span class='ocrx_word' id='word_1_64' title='bbox 1589 953 1774 1008; x_wconf 85' lang='lat' dir='ltr'><strong>chamae·</strong></span> 
     </span>
     <span class='ocr_line' id='line_1_11' title="bbox 498 1035 1774 1109; baseline -0.014 -14"><span class='ocrx_word' id='word_1_65' title='bbox 498 1055 630 1109; x_wconf 76' lang='lat' dir='ltr'><strong>rops,</strong></span> <span class='ocrx_word' id='word_1_66' title='bbox 666 1040 888 1104; x_wconf 75' lang='lat' dir='ltr'><strong>boraffits‚</strong></span> <span class='ocrx_word' id='word_1_67' title='bbox 920 1042 969 1089; x_wconf 87' lang='lat'>&amp;</span> <span class='ocrx_word' id='word_1_68' title='bbox 993 1035 1217 1095; x_wconf 78' lang='lat' dir='ltr'><strong>Phoenix,</strong></span> <span class='ocrx_word' id='word_1_69' title='bbox 1252 1049 1526 1098; x_wconf 82' lang='lat' dir='ltr'>quanquam</span> <span class='ocrx_word' id='word_1_70' title='bbox 1556 1035 1659 1084; x_wconf 86' lang='lat' dir='ltr'><strong>haec</strong></span> <span class='ocrx_word' id='word_1_71' title='bbox 1686 1052 1774 1099; x_wconf 84' lang='lat' dir='ltr'><strong>po-</strong></span> 
     </span>
     <span class='ocr_line' id='line_1_12' title="bbox 495 1116 1772 1182; baseline -0.007 -11"><span class='ocrx_word' id='word_1_72' title='bbox 495 1124 666 1172; x_wconf 86' lang='lat' dir='ltr'><strong>sterior</strong></span> <span class='ocrx_word' id='word_1_73' title='bbox 700 1120 878 1182; x_wconf 88' lang='lat' dir='ltr'><strong>species</strong></span> <span class='ocrx_word' id='word_1_74' title='bbox 911 1116 1154 1169; x_wconf 85' lang='lat' dir='ltr'><strong>interdum</strong></span> <span class='ocrx_word' id='word_1_75' title='bbox 1191 1116 1430 1163; x_wconf 87' lang='lat' dir='ltr'><strong>monoecia</strong></span> <span class='ocrx_word' id='word_1_76' title='bbox 1469 1127 1772 1177; x_wconf 72' lang='lat' dir='ltr'><strong>quoquere-v</strong></span> 
     </span>
     <span class='ocr_line' id='line_1_13' title="bbox 495 1194 1773 1265; baseline -0.006 -15"><span class='ocrx_word' id='word_1_77' title='bbox 495 1203 725 1265; x_wconf 81' lang='lat' dir='ltr'><strong>periatur,</strong></span> <span class='ocrx_word' id='word_1_78' title='bbox 758 1207 818 1247; x_wconf 87' lang='lat' dir='ltr'><strong>vt</strong></span> <span class='ocrx_word' id='word_1_79' title='bbox 844 1201 894 1247; x_wconf 90' lang='lat' dir='ltr'><strong>in</strong></span> <span class='ocrx_word' id='word_1_80' title='bbox 925 1197 1055 1248; x_wconf 80' lang='lat' dir='ltr'><strong>Elate</strong></span> <span class='ocrx_word' id='word_1_81' title='bbox 1079 1194 1294 1258; x_wconf 74' lang='lat' dir='ltr'><strong>Linnaei,</strong></span> <span class='ocrx_word' id='word_1_82' title='bbox 1329 1197 1427 1244; x_wconf 84' lang='lat' dir='ltr'><strong>siue</strong></span> <span class='ocrx_word' id='word_1_83' title='bbox 1455 1196 1610 1257; x_wconf 85' lang='lat' dir='ltr'><strong>palma</strong></span> <span class='ocrx_word' id='word_1_84' title='bbox 1637 1198 1773 1248; x_wconf 87' lang='lat' dir='ltr'><strong>filue-</strong></span> 
     </span>
     <span class='ocr_line' id='line_1_14' title="bbox 495 1276 1772 1343; baseline -0.002 -12"><span class='ocrx_word' id='word_1_85' title='bbox 495 1284 606 1343; x_wconf 77' lang='lat' dir='ltr'><strong>stri,</strong></span> <span class='ocrx_word' id='word_1_86' title='bbox 643 1282 758 1329; x_wconf 89' lang='lat' dir='ltr'><strong>licet</strong></span> <span class='ocrx_word' id='word_1_87' title='bbox 785 1281 972 1339; x_wconf 79' lang='lat' dir='ltr'><strong>rariUS,</strong></span> <span class='ocrx_word' id='word_1_88' title='bbox 1016 1293 1079 1325; x_wconf 87' lang='lat' dir='ltr'><strong>ex</strong></span> <span class='ocrx_word' id='word_1_89' title='bbox 1114 1277 1287 1325; x_wconf 90' lang='lat' dir='ltr'><strong>eodem</strong></span> <span class='ocrx_word' id='word_1_90' title='bbox 1321 1276 1508 1339; x_wconf 87' lang='lat' dir='ltr'><strong>spadice</strong></span> <span class='ocrx_word' id='word_1_91' title='bbox 1535 1276 1772 1329; x_wconf 87' lang='lat' dir='ltr'><strong>femineos</strong></span> 
     </span>
     <span class='ocr_line' id='line_1_15' title="bbox 494 1357 1769 1429; baseline 0 -19"><span class='ocrx_word' id='word_1_92' title='bbox 494 1363 717 1411; x_wconf 89' lang='lat' dir='ltr'><strong>emittens</strong></span> <span class='ocrx_word' id='word_1_93' title='bbox 737 1394 753 1420; x_wconf 76' lang='lat'>‚</span> <span class='ocrx_word' id='word_1_94' title='bbox 792 1360 838 1407; x_wconf 88' lang='lat'>&amp;</span> <span class='ocrx_word' id='word_1_95' title='bbox 872 1357 1105 1408; x_wconf 80' lang='lat' dir='ltr'><strong>masculos</strong></span> <span class='ocrx_word' id='word_1_96' title='bbox 1138 1358 1300 1407; x_wconf 85' lang='lat' dir='ltr'><strong>flores.</strong></span> <span class='ocrx_word' id='word_1_97' title='bbox 1393 1359 1564 1406; x_wconf 86' lang='lat' dir='ltr'><strong>Mirari</strong></span> <span class='ocrx_word' id='word_1_98' title='bbox 1599 1361 1769 1429; x_wconf 79' lang='lat' dir='ltr'><strong>liceat,</strong></span> 
     </span>
     <span class='ocr_line' id='line_1_16' title="bbox 496 1439 1772 1505; baseline 0.003 -15"><span class='ocrx_word' id='word_1_99' title='bbox 496 1441 569 1490; x_wconf 89' lang='lat' dir='ltr'><strong>Cl.</strong></span> <span class='ocrx_word' id='word_1_100' title='bbox 598 1440 854 1488; x_wconf 85' lang='lat' dir='ltr'><strong>Linnaeum</strong></span> <span class='ocrx_word' id='word_1_101' title='bbox 883 1440 1052 1501; x_wconf 83' lang='lat' dir='ltr'><strong>palmis</strong></span> <span class='ocrx_word' id='word_1_102' title='bbox 1090 1439 1164 1486; x_wconf 85' lang='lat' dir='ltr'><strong>his</strong></span> <span class='ocrx_word' id='word_1_103' title='bbox 1203 1441 1255 1486; x_wconf 88' lang='lat' dir='ltr'><strong>in</strong></span> <span class='ocrx_word' id='word_1_104' title='bbox 1292 1443 1545 1501; x_wconf 85' lang='lat' dir='ltr'><strong>generibus</strong></span> <span class='ocrx_word' id='word_1_105' title='bbox 1580 1446 1772 1505; x_wconf 90' lang='lat' dir='ltr'><strong>quidem</strong></span> 
     </span>
     <span class='ocr_line' id='line_1_17' title="bbox 498 1517 1778 1583; baseline 0.007 -16"><span class='ocrx_word' id='word_1_106' title='bbox 498 1522 770 1583; x_wconf 82' lang='lat' dir='ltr'><strong>plantarum</strong></span> <span class='ocrx_word' id='word_1_107' title='bbox 810 1518 1020 1578; x_wconf 86' lang='lat' dir='ltr'><strong>primum</strong></span> <span class='ocrx_word' id='word_1_108' title='bbox 1072 1517 1344 1565; x_wconf 89' lang='lat' dir='ltr'><strong>concedere</strong></span> <span class='ocrx_word' id='word_1_109' title='bbox 1390 1521 1556 1570; x_wconf 89' lang='lat' dir='ltr'><strong>locum</strong></span> <span class='ocrx_word' id='word_1_110' title='bbox 1597 1525 1648 1573; x_wconf 87' lang='lat' dir='ltr'><strong>in</strong></span> <span class='ocrx_word' id='word_1_111' title='bbox 1697 1526 1778 1576; x_wconf 89' lang='lat' dir='ltr'><strong>sua</strong></span> 
     </span>
     <span class='ocr_line' id='line_1_18' title="bbox 499 1595 1775 1661; baseline 0.006 -14"><span class='ocrx_word' id='word_1_112' title='bbox 499 1596 635 1647; x_wconf 77' lang='lat' dir='ltr'><strong>classe</strong></span> <span class='ocrx_word' id='word_1_113' title='bbox 656 1595 812 1644; x_wconf 91' lang='lat' dir='ltr'>XXV.</span> <span class='ocrx_word' id='word_1_114' title='bbox 862 1611 1002 1657; x_wconf 84' lang='lat' dir='ltr'><strong>quam</strong></span> <span class='ocrx_word' id='word_1_115' title='bbox 1031 1596 1243 1645; x_wconf 87' lang='lat' dir='ltr'><strong>inscribit</strong></span> <span class='ocrx_word' id='word_1_116' title='bbox 1263 1633 1279 1659; x_wconf 76' lang='grc'>,</span> <span class='ocrx_word' id='word_1_117' title='bbox 1322 1597 1528 1661; x_wconf 69' lang='lat' dir='ltr'><strong>suspecta</strong></span> <span class='ocrx_word' id='word_1_118' title='bbox 1562 1603 1669 1653; x_wconf 88' lang='lat' dir='ltr'><strong>sane</strong></span> <span class='ocrx_word' id='word_1_119' title='bbox 1706 1608 1775 1656; x_wconf 86' lang='lat' dir='ltr'><strong>in·</strong></span> 
     </span>
     <span class='ocr_line' id='line_1_19' title="bbox 494 1675 1776 1746; baseline 0.007 -19"><span class='ocrx_word' id='word_1_120' title='bbox 494 1678 774 1739; x_wconf 86' lang='lat' dir='ltr'><strong>scriptione:</strong></span> <span class='ocrx_word' id='word_1_121' title='bbox 808 1675 1065 1741; x_wconf 84' lang='lat' dir='ltr'><strong>appendix,</strong></span> <span class='ocrx_word' id='word_1_122' title='bbox 1098 1678 1148 1725; x_wconf 91' lang='lat' dir='ltr'><strong>in</strong></span> <span class='ocrx_word' id='word_1_123' title='bbox 1167 1676 1410 1738; x_wconf 87' lang='lat' dir='ltr'><strong>speciebus</strong></span> <span class='ocrx_word' id='word_1_124' title='bbox 1443 1690 1628 1746; x_wconf 83' lang='lat' dir='ltr'><strong>autem,</strong></span> <span class='ocrx_word' id='word_1_125' title='bbox 1664 1697 1776 1739; x_wconf 84' lang='lat' dir='ltr'><strong>ante</strong></span> 
     </span>
     <span class='ocr_line' id='line_1_20' title="bbox 495 1755 1773 1823; baseline 0.009 -19"><span class='ocrx_word' id='word_1_126' title='bbox 495 1756 640 1819; x_wconf 83' lang='lat' dir='ltr'><strong>ipsam</strong></span> <span class='ocrx_word' id='word_1_127' title='bbox 677 1755 990 1817; x_wconf 81' lang='lat' dir='ltr'><strong>appendicem</strong></span> <span class='ocrx_word' id='word_1_128' title='bbox 1023 1755 1350 1816; x_wconf 78' lang='lat' dir='ltr'><strong>interposuiffe</strong></span> <span class='ocrx_word' id='word_1_129' title='bbox 1380 1760 1492 1809; x_wconf 91' lang='lat' dir='ltr'><strong>huic</strong></span> <span class='ocrx_word' id='word_1_130' title='bbox 1514 1798 1532 1823; x_wconf 77' lang='lat'>,</span> <span class='ocrx_word' id='word_1_131' title='bbox 1568 1763 1613 1810; x_wconf 87' lang='lat'>&amp;</span> <span class='ocrx_word' id='word_1_132' title='bbox 1652 1768 1773 1818; x_wconf 82' lang='lat' dir='ltr'><strong>elafii</strong></span> 
     </span>
     <span class='ocr_line' id='line_1_21' title="bbox 498 1834 1773 1915; baseline 0.009 -31"><span class='ocrx_word' id='word_1_133' title='bbox 498 1834 684 1896; x_wconf 81' lang='lat' dir='ltr'>XXIV,</span> <span class='ocrx_word' id='word_1_134' title='bbox 723 1836 849 1897; x_wconf 82' lang='lat' dir='ltr'><strong>quasi</strong></span> <span class='ocrx_word' id='word_1_135' title='bbox 880 1849 1004 1882; x_wconf 86' lang='lat' dir='ltr'><strong>vero</strong></span> <span class='ocrx_word' id='word_1_136' title='bbox 1036 1851 1156 1883; x_wconf 88' lang='lat' dir='ltr'><strong>vere</strong></span> <span class='ocrx_word' id='word_1_137' title='bbox 1187 1837 1442 1887; x_wconf 76' lang='lat' dir='ltr'><strong>dubitasset</strong></span> <span class='ocrx_word' id='word_1_138' title='bbox 1468 1843 1773 1915; x_wconf 77' lang='lat' dir='ltr'><strong>inconstans,</strong></span> 
     </span>
     <span class='ocr_line' id='line_1_22' title="bbox 502 1915 1772 1994; baseline 0.006 -24"><span class='ocrx_word' id='word_1_139' title='bbox 502 1920 580 1970; x_wconf 86' lang='lat' dir='ltr'><strong>cui</strong></span> <span class='ocrx_word' id='word_1_140' title='bbox 617 1917 701 1965; x_wconf 86' lang='lat' dir='ltr'><strong>vel</strong></span> <span class='ocrx_word' id='word_1_141' title='bbox 736 1915 855 1964; x_wconf 87' lang='lat' dir='ltr'><strong>claffi</strong></span> <span class='ocrx_word' id='word_1_142' title='bbox 876 1951 890 1978; x_wconf 79' lang='lat'>,</span> <span class='ocrx_word' id='word_1_143' title='bbox 925 1917 1010 1963; x_wconf 88' lang='lat' dir='ltr'><strong>vel</strong></span> <span class='ocrx_word' id='word_1_144' title='bbox 1042 1916 1186 1966; x_wconf 86' lang='lat' dir='ltr'><strong>claffis</strong></span> <span class='ocrx_word' id='word_1_145' title='bbox 1219 1919 1383 1967; x_wconf 83' lang='lat' dir='ltr'><strong>caudae</strong></span> <span class='ocrx_word' id='word_1_146' title='bbox 1423 1922 1772 1994; x_wconf 80' lang='lat' dir='ltr'><strong>inarticularet‚</strong></span> 
     </span>
     <span class='ocr_line' id='line_1_23' title="bbox 498 1995 1774 2072; baseline 0.007 -27"><span class='ocrx_word' id='word_1_147' title='bbox 498 1997 546 2045; x_wconf 84' lang='lat'>&amp;</span> <span class='ocrx_word' id='word_1_148' title='bbox 572 1995 799 2045; x_wconf 91' lang='lat' dir='ltr'><strong>iniustum</strong></span> <span class='ocrx_word' id='word_1_149' title='bbox 828 1995 874 2043; x_wconf 89' lang='lat' dir='ltr'><strong>se</strong></span> <span class='ocrx_word' id='word_1_150' title='bbox 905 1995 1103 2042; x_wconf 89' lang='lat' dir='ltr'><strong>credens</strong></span> <span class='ocrx_word' id='word_1_151' title='bbox 1133 1996 1467 2047; x_wconf 80' lang='lat' dir='ltr'><strong>aestimatorem</strong></span> <span class='ocrx_word' id='word_1_152' title='bbox 1484 2036 1500 2062; x_wconf 82' lang='grc'>,</span> <span class='ocrx_word' id='word_1_153' title='bbox 1539 2005 1774 2072; x_wconf 84' lang='lat' dir='ltr'><strong>quivagae</strong></span> 
     </span>
     <span class='ocr_line' id='line_1_24' title="bbox 504 2077 1774 2142; baseline 0.009 -16"><span class='ocrx_word' id='word_1_154' title='bbox 504 2079 779 2139; x_wconf 84' lang='lat' dir='ltr'><strong>appendicis</strong></span> <span class='ocrx_word' id='word_1_155' title='bbox 798 2077 1126 2124; x_wconf 85' lang='lat' dir='ltr'><strong>terminationi</strong></span> <span class='ocrx_word' id='word_1_156' title='bbox 1145 2078 1443 2140; x_wconf 58' lang='lat' dir='ltr'><strong>adnecteret,</strong></span> <span class='ocrx_word' id='word_1_157' title='bbox 1482 2080 1528 2128; x_wconf 89' lang='lat'>&amp;</span> <span class='ocrx_word' id='word_1_158' title='bbox 1551 2084 1774 2142; x_wconf 88' lang='lat' dir='ltr'><strong>iniurium</strong></span> 
     </span>
     <span class='ocr_line' id='line_1_25' title="bbox 495 2155 1772 2223; baseline 0.002 -19"><span class='ocrx_word' id='word_1_159' title='bbox 495 2156 542 2205; x_wconf 90' lang='lat' dir='ltr'><strong>se</strong></span> <span class='ocrx_word' id='word_1_160' title='bbox 571 2158 623 2205; x_wconf 85' lang='lat' dir='ltr'><strong>in</strong></span> <span class='ocrx_word' id='word_1_161' title='bbox 654 2156 905 2205; x_wconf 59' lang='lat' dir='ltr'><strong>dictamina</strong></span> <span class='ocrx_word' id='word_1_162' title='bbox 932 2155 1133 2203; x_wconf 88' lang='lat' dir='ltr'><strong>Naturae</strong></span> <span class='ocrx_word' id='word_1_163' title='bbox 1170 2159 1342 2206; x_wconf 90' lang='lat' dir='ltr'><strong>videns</strong></span> <span class='ocrx_word' id='word_1_164' title='bbox 1365 2195 1382 2220; x_wconf 69' lang='lat'>‚</span> <span class='ocrx_word' id='word_1_165' title='bbox 1433 2163 1515 2223; x_wconf 91' lang='lat' dir='ltr'><strong>qui</strong></span> <span class='ocrx_word' id='word_1_166' title='bbox 1545 2165 1772 2219; x_wconf 75' lang='lat' dir='ltr'><strong>ordinatae</strong></span> 
     </span>
     <span class='ocr_line' id='line_1_26' title="bbox 495 2237 1778 2305; baseline 0.007 -15"><span class='ocrx_word' id='word_1_167' title='bbox 495 2242 785 2301; x_wconf 86' lang='lat' dir='ltr'><strong>reliquarum</strong></span> <span class='ocrx_word' id='word_1_168' title='bbox 817 2239 1035 2300; x_wconf 86' lang='lat' dir='ltr'><strong>priorum</strong></span> <span class='ocrx_word' id='word_1_169' title='bbox 1076 2237 1281 2288; x_wconf 85' lang='lat' dir='ltr'><strong>elassium</strong></span> <span class='ocrx_word' id='word_1_170' title='bbox 1315 2238 1449 2288; x_wconf 90' lang='lat' dir='ltr'><strong>seriei</strong></span> <span class='ocrx_word' id='word_1_171' title='bbox 1481 2244 1657 2305; x_wconf 87' lang='lat' dir='ltr'><strong>palmas</strong></span> <span class='ocrx_word' id='word_1_172' title='bbox 1688 2249 1778 2300; x_wconf 68' lang='lat' dir='ltr'><strong>has</strong></span> 
     </span>
     <span class='ocr_line' id='line_1_27' title="bbox 498 2321 1772 2383; baseline -0.001 -13"><span class='ocrx_word' id='word_1_173' title='bbox 498 2321 801 2372; x_wconf 85' lang='lat' dir='ltr'><strong>intersereret</strong></span> <span class='ocrx_word' id='word_1_174' title='bbox 825 2355 840 2381; x_wconf 78' lang='lat'>‚</span> <span class='ocrx_word' id='word_1_175' title='bbox 879 2328 1057 2381; x_wconf 91' lang='lat' dir='ltr'><strong>vtpote</strong></span> <span class='ocrx_word' id='word_1_176' title='bbox 1090 2334 1195 2380; x_wconf 84' lang='lat' dir='ltr'><strong>quae</strong></span> <span class='ocrx_word' id='word_1_177' title='bbox 1231 2331 1406 2383; x_wconf 81' lang='lat' dir='ltr'><strong>praeter</strong></span> <span class='ocrx_word' id='word_1_178' title='bbox 1444 2324 1679 2377; x_wconf 83' lang='lat' dir='ltr'><strong>rationem</strong></span> <span class='ocrx_word' id='word_1_179' title='bbox 1709 2331 1772 2379; x_wconf 87' lang='lat' dir='ltr'><strong>di-</strong></span> 
     </span>
     <span class='ocr_line' id='line_1_28' title="bbox 499 2400 1772 2460; baseline 0.004 -10"><span class='ocrx_word' id='word_1_180' title='bbox 499 2400 684 2450; x_wconf 85' lang='lat' dir='ltr'><strong>uersam</strong></span> <span class='ocrx_word' id='word_1_181' title='bbox 722 2401 997 2460; x_wconf 81' lang='lat' dir='ltr'><strong>sexualem‚</strong></span> <span class='ocrx_word' id='word_1_182' title='bbox 1052 2412 1254 2460; x_wconf 88' lang='lat' dir='ltr'><strong>eamque</strong></span> <span class='ocrx_word' id='word_1_183' title='bbox 1301 2401 1633 2459; x_wconf 64' lang='lat' dir='ltr'><strong>diuerfimode,</strong></span> <span class='ocrx_word' id='word_1_184' title='bbox 1659 2420 1772 2458; x_wconf 87' lang='lat' dir='ltr'><strong>con-</strong></span> 
     </span>
     <span class='ocr_line' id='line_1_29' title="bbox 499 2480 1773 2546; baseline 0.008 -19"><span class='ocrx_word' id='word_1_185' title='bbox 499 2480 706 2530; x_wconf 84' lang='lat' dir='ltr'><strong>stantem</strong></span> <span class='ocrx_word' id='word_1_186' title='bbox 752 2481 872 2529; x_wconf 86' lang='lat' dir='ltr'><strong>adeo</strong></span> <span class='ocrx_word' id='word_1_187' title='bbox 919 2481 1194 2544; x_wconf 85' lang='lat' dir='ltr'><strong>euidentem</strong></span> <span class='ocrx_word' id='word_1_188' title='bbox 1252 2482 1444 2531; x_wconf 87' lang='lat' dir='ltr'><strong>habitus</strong></span> <span class='ocrx_word' id='word_1_189' title='bbox 1498 2482 1773 2546; x_wconf 80' lang='lat' dir='ltr'><strong>affinitatem</strong></span> 
     </span>
     <span class='ocr_line' id='line_1_30' title="bbox 493 2559 1770 2630; baseline 0.011 -24"><span class='ocrx_word' id='word_1_190' title='bbox 493 2574 591 2622; x_wconf 85' lang='lat' dir='ltr'><strong>prae</strong></span> <span class='ocrx_word' id='word_1_191' title='bbox 619 2559 664 2606; x_wconf 90' lang='lat' dir='ltr'><strong>se</strong></span> <span class='ocrx_word' id='word_1_192' title='bbox 695 2561 878 2609; x_wconf 88' lang='lat' dir='ltr'><strong>ferrent</strong></span> <span class='ocrx_word' id='word_1_193' title='bbox 898 2597 914 2623; x_wconf 85' lang='lat'>,</span> <span class='ocrx_word' id='word_1_194' title='bbox 951 2570 1009 2610; x_wconf 85' lang='lat' dir='ltr'><strong>vt</strong></span> <span class='ocrx_word' id='word_1_195' title='bbox 1040 2561 1218 2622; x_wconf 88' lang='lat' dir='ltr'><strong>aequius</strong></span> <span class='ocrx_word' id='word_1_196' title='bbox 1251 2564 1502 2612; x_wconf 78' lang='lat' dir='ltr'><strong>videretur</strong></span> <span class='ocrx_word' id='word_1_197' title='bbox 1520 2598 1537 2625; x_wconf 62' lang='lat'>9</span> <span class='ocrx_word' id='word_1_198' title='bbox 1571 2571 1770 2630; x_wconf 90' lang='lat' dir='ltr'><strong>proprio</strong></span> 
     </span>
     <span class='ocr_line' id='line_1_31' title="bbox 494 2637 1775 2708; baseline 0.009 -22"><span class='ocrx_word' id='word_1_199' title='bbox 494 2637 762 2690; x_wconf 75' lang='lat' dir='ltr'><strong>Palmarum</strong></span> <span class='ocrx_word' id='word_1_200' title='bbox 804 2643 948 2690; x_wconf 84' lang='lat' dir='ltr'><strong>titulo</strong></span> <span class='ocrx_word' id='word_1_201' title='bbox 984 2656 1062 2691; x_wconf 90' lang='lat' dir='ltr'><strong>eas</strong></span> <span class='ocrx_word' id='word_1_202' title='bbox 1109 2640 1319 2692; x_wconf 85' lang='lat' dir='ltr'><strong>claffibus</strong></span> <span class='ocrx_word' id='word_1_203' title='bbox 1356 2645 1402 2693; x_wconf 90' lang='lat'>&amp;</span> <span class='ocrx_word' id='word_1_204' title='bbox 1433 2648 1685 2708; x_wconf 81' lang='lat' dir='ltr'><strong>appendici</strong></span> <span class='ocrx_word' id='word_1_205' title='bbox 1710 2651 1775 2705; x_wconf 78' lang='lat' dir='ltr'><strong>fic</strong></span> 
     </span>
    </p>
   </div>
   <div class='ocr_carea' id='block_1_3' title="bbox 1627 2729 1767 2777">
    <p class='ocr_par' dir='ltr' id='par_1_3' title="bbox 1627 2729 1767 2777">
     <span class='ocr_line' id='line_1_32' title="bbox 1627 2729 1767 2777; baseline 0.014 -2"><span class='ocrx_word' id='word_1_206' title='bbox 1627 2729 1767 2777; x_wconf 87' lang='lat' dir='ltr'><strong>inter-</strong></span> 
     </span>
    </p>
   </div>
  </div>
 </body>
</html>
