1881 3137
602 113 1073 195 PROLOGVS
1513 156 1552 210 5

245 259 318 316 At
347 259 451 312 iam
480 270 717 329 quaeras:
777 258 1050 332 quodnam
1073 257 1548 316 recentissimorum

132 349 485 421 systematum
508 347 773 419 optimum
798 348 904 405 est?
952 365 1050 405 nec
1073 349 1212 403 enirn
1236 348 1351 404 heic
1372 348 1545 421 potest

126 435 228 492 effe
250 435 493 511 perinde,
533 437 638 492 fiue
656 436 762 493 hoe
781 437 965 512 eligas,
1004 435 1110 493 flue
1131 433 1293 494 aliud!
1334 436 1543 501 Placuit,

126 532 190 588 ὃς
212 527 529 602 perplacuit,
570 528 718 602 quod
746 545 863 584 eam
892 530 946 585 in
976 545 1093 584 rem
1124 526 1315 601 scripsit
1345 527 1398 583 B.
1423 529 1543 584 Fra-

124 632 235 681 ter,
275 614 560 680 Professor,
599 620 651 673 in
673 616 979 674 Praefatione
1001 616 1063 673 ad
1088 616 1257 671 Tom.
1283 615 1344 671 ΙΙ.
1368 615 1540 671 Florae

124 706 354 763 Sibiricae
372 742 388 769 ,
428 709 519 763 vbi
537 725 589 781 p.
616 709 704 764 IV.
733 713 794 768 &
815 709 883 765 V.
914 707 1177 764 occasione
1199 706 1450 762 Vaillantii
1473 706 1540 762 de

123 796 427 871 compositis
460 803 522 858 &
552 800 846 872 aggregatis
878 801 944 854 ita
974 797 1117 853 suam
1153 797 1372 870 explicat
1394 813 1541 853 men-

122 902 234 944 tem
257 909 270 943 :
309 887 379 943 Et
399 889 512 962 quis
541 888 770 962 denique
791 889 914 945 alius
938 887 1301 945 charafi’cerum
1322 888 1375 942 in
1397 886 1542 960 plana

121 980 186 1035 tis
208 977 326 1036 Vsus
349 979 447 1042 est,
489 997 651 1054 quam
680 997 739 1036 vt
770 981 1015 1037 discentes
1037 981 1281 1035 omnium
1304 977 1540 1035 facillima

122 1073 206 1128 via
227 1074 506 1148 peruenire
528 1070 719 1146 poffint
741 1075 805 1130 ad
825 1074 1124 1147 plantarum
1146 1071 1539 1145 cognitionem?

119 1163 268 1220 Cum
290 1163 587 1237 plantarum
612 1179 866 1219 numerus
897 1166 948 1219 in
981 1177 1184 1219 tantum
1218 1161 1539 1224 excreuerit,

119 1271 181 1312 Vt
202 1254 307 1310 fine
336 1255 548 1317 ordine,
588 1272 647 1311 ac
678 1254 782 1310 fine
811 1254 1048 1312 doetrina
1078 1254 1230 1311 solius
1259 1255 1535 1310 memoriae

115 1364 227 1420 ope
255 1363 443 1403 omnes
475 1345 687 1402 noscere
710 1381 726 1408 2
775 1346 1034 1422 firmaque
1069 1346 1325 1402 memoria
1355 1359 1537 1401 tenere

116 1434 329 1510 superet
358 1437 613 1494 humanas
646 1439 783 1493 vires
807 1472 823 1500 ,
889 1454 994 1494 tota
1028 1439 1326 1512 plantarum
1359 1452 1533 1511 penus

113 1530 170 1584 in
193 1527 363 1583 classes
384 1528 730 1591 distribuitur,
779 1547 1007 1602 quarum
1041 1530 1253 1605 singulae
1286 1529 1410 1586 tales
1441 1529 1532 1586 ha-

114 1619 274 1676 beant
295 1618 620 1676 charaE'teres
639 1654 654 1682 ,
694 1622 786 1694 qui
805 1621 931 1676 nulli
954 1622 1275 1698 reliquarum
1300 1621 1531 1678 claffium

108 1728 482 1787 competerent
503 1748 518 1773 ,
558 1712 726 1767 claffes
750 1712 924 1769 rursus
947 1715 998 1769 in
1022 1714 1229 1771 ordines
1251 1748 1266 1777 ,
1308 1719 1369 1774 &
1391 1713 1533 1769 ordi—

110 1823 206 1863 nes
236 1808 288 1861 in
318 1820 513 1878 genera
535 1802 914 1877 dispescnntur,
953 1822 1191 1879 qnorum
1215 1805 1419 1862 nullum
1441 1820 1530 1878 ap-

110 1897 290 1972 plicari
309 1894 466 1970 poffit
485 1895 563 1951 alii
585 1896 819 1952 eiusdem
842 1896 998 1953 claffis
1020 1899 1217 1971 generi.

223 1986 395 2050 Alibi,
443 1987 627 2043 eadem
666 2003 842 2043 autem
882 1989 933 2043 in
969 1986 1308 2062 praefatione,
1347 1986 1526 2044 seilicet

111 2095 166 2154 p.
177 2076 321 2134 XIV.
338 2082 398 2137 &
409 2078 526 2139 XV,
551 2079 888 2136 monentibus
903 2079 1199 2138 differentiis
1212 2077 1528 2155 tuffilaginis,

109 2175 174 2230 δε
195 2167 494 2243 petasitidiS,
535 2167 698 2224 addit:
751 2171 806 2225 In
831 2172 1088 2228 methodo
1112 2189 1221 2229 non
1248 2169 1429 2229 sufficit
1451 2169 1521 2228 af-

107 2261 333 2319 firmatio
352 2293 369 2321 ,
407 2272 645 2317 naturam
667 2263 886 2335 iungere
908 2299 923 2326 ,
963 2264 1069 2321 hoc·
1089 2265 1229 2322 idem
1254 2265 1327 2320 est
1350 2300 1365 2327 ,
1405 2283 1463 2321 ac
1485 2263 1522 2320 si

106 2354 340 2415 dicereS,
389 2350 625 2407 habiturn
663 2353 895 2410 eundern
926 2354 1040 2412 effe.
1137 2355 1522 2414 obseruationi-

107 2439 208 2498 bus
236 2441 621 2515 explorandum
650 2445 724 2499 est
740 2479 756 2507 ,
798 2447 925 2519 quid
955 2446 1080 2503 illud
1106 2446 1164 2504 sit
1183 2482 1199 2510 ,
1242 2450 1388 2505 cuius
1417 2467 1522 2523 ope

106 2544 290 2586 natura
308 2532 513 2606 iungat,
552 2537 710 2590 autin
735 2526 845 2609 quo
876 2537 1017 2594 idem
1047 2537 1131 2594 ille
1161 2537 1368 2597 habitus
1398 2557 1522 2596 con-

103 2616 273 2678 sistat?
310 2621 442 2680 Non
461 2622 644 2682 sufficit
662 2626 858 2690 dicere,
898 2628 1246 2688 diuerfitatem
1266 2645 1519 2704 magnam

762 2717 814 2775 A
855 2733 886 2791 3
1322 2721 1523 2780 florum
