<?xml version="1.0" encoding="UTF-8"?>
<!DOCTYPE html PUBLIC "-//W3C//DTD XHTML 1.0 Transitional//EN"
    "http://www.w3.org/TR/xhtml1/DTD/xhtml1-transitional.dtd">
<html xmlns="http://www.w3.org/1999/xhtml" xml:lang="en" lang="en">
 <head>
  <title>
</title>
<meta http-equiv="Content-Type" content="text/html;charset=utf-8" />
  <meta name='ocr-system' content='tesseract 3.04.00' />
  <meta name='ocr-capabilities' content='ocr_page ocr_carea ocr_par ocr_line ocrx_word'/>
</head>
<body>
  <div class='ocr_page' id='page_1' title='image "./philfridgmelinot00gmel_0085.png"; bbox 0 0 1881 3137; ppageno 0'>
   <div class='ocr_carea' id='block_1_1' title="bbox 540 178 1357 255">
    <p class='ocr_par' dir='ltr' id='par_1_1' title="bbox 540 178 1357 255">
     <span class='ocr_line' id='line_1_1' title="bbox 540 178 1357 255; baseline 0.009 -17"><span class='ocrx_word' id='word_1_1' title='bbox 540 178 886 243; x_wconf 86' lang='lat' dir='ltr'><strong>PALMAE.</strong></span> <span class='ocrx_word' id='word_1_2' title='bbox 1285 198 1357 255; x_wconf 83' lang='lat'>71</span> 
     </span>
    </p>
   </div>
   <div class='ocr_carea' id='block_1_2' title="bbox 76 301 1360 1476">
    <p class='ocr_par' dir='ltr' id='par_1_2' title="bbox 76 301 1360 1476">
     <span class='ocr_line' id='line_1_2' title="bbox 185 301 1356 366; baseline -0.003 -12"><span class='ocrx_word' id='word_1_3' title='bbox 185 304 417 366; x_wconf 81' lang='lat' dir='ltr'>Exempla</span> <span class='ocrx_word' id='word_1_4' title='bbox 469 301 576 350; x_wconf 92' lang='lat' dir='ltr'>sunt</span> <span class='ocrx_word' id='word_1_5' title='bbox 628 302 674 348; x_wconf 88' lang='lat'>&amp;</span> <span class='ocrx_word' id='word_1_6' title='bbox 728 317 902 365; x_wconf 81' lang='lat' dir='ltr'>genera</span> <span class='ocrx_word' id='word_1_7' title='bbox 972 301 1111 350; x_wconf 86' lang='lat' dir='ltr'>huius</span> <span class='ocrx_word' id='word_1_8' title='bbox 1180 303 1356 352; x_wconf 83' lang='lat' dir='ltr'>ordinis</span> 
     </span>
     <span class='ocr_line' id='line_1_3' title="bbox 84 381 1360 448; baseline 0.001 -17"><span class='ocrx_word' id='word_1_9' title='bbox 84 399 115 433; x_wconf 87' lang='lat' dir='ltr'>e</span> <span class='ocrx_word' id='word_1_10' title='bbox 147 386 317 448; x_wconf 86' lang='lat' dir='ltr'>plantis</span> <span class='ocrx_word' id='word_1_11' title='bbox 349 386 398 432; x_wconf 92' lang='lat' dir='ltr'>in</span> <span class='ocrx_word' id='word_1_12' title='bbox 434 381 692 429; x_wconf 79' lang='lat' dir='ltr'>Germania</span> <span class='ocrx_word' id='word_1_13' title='bbox 723 381 1164 447; x_wconf 80' lang='lat' dir='ltr'>frequentioribus,</span> <span class='ocrx_word' id='word_1_14' title='bbox 1199 386 1244 432; x_wconf 87' lang='lat'>&amp;</span> <span class='ocrx_word' id='word_1_15' title='bbox 1266 402 1360 435; x_wconf 77' lang='lat' dir='ltr'>ma-</span> 
     </span>
     <span class='ocr_line' id='line_1_4' title="bbox 86 462 1357 531; baseline 0.002 -17"><span class='ocrx_word' id='word_1_16' title='bbox 86 466 213 514; x_wconf 85' lang='lat' dir='ltr'>xime</span> <span class='ocrx_word' id='word_1_17' title='bbox 252 478 447 526; x_wconf 89' lang='lat' dir='ltr'>quoque</span> <span class='ocrx_word' id='word_1_18' title='bbox 489 464 613 510; x_wconf 84' lang='lat' dir='ltr'>circa</span> <span class='ocrx_word' id='word_1_19' title='bbox 650 462 957 528; x_wconf 83' lang='lat' dir='ltr'>Tubingam:</span> <span class='ocrx_word' id='word_1_20' title='bbox 1020 462 1357 531; x_wconf 65' lang='lat' dir='ltr'>Cyprzpedium,</span> 
     </span>
     <span class='ocr_line' id='line_1_5' title="bbox 80 541 1358 608; baseline 0.001 -14"><span class='ocrx_word' id='word_1_21' title='bbox 80 543 287 595; x_wconf 84' lang='lat' dir='ltr'>calceolus</span> <span class='ocrx_word' id='word_1_22' title='bbox 321 545 493 595; x_wconf 86' lang='lat' dir='ltr'>Mariae</span> <span class='ocrx_word' id='word_1_23' title='bbox 515 578 530 603; x_wconf 93' lang='lat'>,</span> <span class='ocrx_word' id='word_1_24' title='bbox 576 541 657 590; x_wconf 88' lang='lat' dir='ltr'>seu</span> <span class='ocrx_word' id='word_1_25' title='bbox 685 545 931 595; x_wconf 83' lang='lat' dir='ltr'>Marianus</span> <span class='ocrx_word' id='word_1_26' title='bbox 954 584 970 608; x_wconf 80' lang='grc'><strong><em>,</em></strong></span> <span class='ocrx_word' id='word_1_27' title='bbox 1019 546 1236 607; x_wconf 78' lang='lat' dir='ltr'>singulari</span> <span class='ocrx_word' id='word_1_28' title='bbox 1267 550 1358 595; x_wconf 87' lang='lat' dir='ltr'>ele-</span> 
     </span>
     <span class='ocr_line' id='line_1_6' title="bbox 76 623 1357 690; baseline 0 -18"><span class='ocrx_word' id='word_1_29' title='bbox 76 623 236 689; x_wconf 80' lang='lat' dir='ltr'>gantia</span> <span class='ocrx_word' id='word_1_30' title='bbox 277 627 470 674; x_wconf 79' lang='lat' dir='ltr'>corollae</span> <span class='ocrx_word' id='word_1_31' title='bbox 523 625 795 676; x_wconf 81' lang='lat' dir='ltr'>calceolatae</span> <span class='ocrx_word' id='word_1_32' title='bbox 845 629 1098 689; x_wconf 84' lang='lat' dir='ltr'>conspicua</span> <span class='ocrx_word' id='word_1_33' title='bbox 1131 666 1146 690; x_wconf 76' lang='lat'>,</span> <span class='ocrx_word' id='word_1_34' title='bbox 1201 629 1357 690; x_wconf 87' lang='lat' dir='ltr'>primo</span> 
     </span>
     <span class='ocr_line' id='line_1_7' title="bbox 78 707 1356 769; baseline -0.002 -14"><span class='ocrx_word' id='word_1_35' title='bbox 78 722 182 756; x_wconf 84' lang='lat' dir='ltr'>vere</span> <span class='ocrx_word' id='word_1_36' title='bbox 214 707 392 755; x_wconf 90' lang='lat' dir='ltr'>florens</span> <span class='ocrx_word' id='word_1_37' title='bbox 430 711 478 757; x_wconf 89' lang='lat' dir='ltr'>in</span> <span class='ocrx_word' id='word_1_38' title='bbox 516 709 640 757; x_wconf 76' lang='lat' dir='ltr'>siluis</span> <span class='ocrx_word' id='word_1_39' title='bbox 676 709 909 757; x_wconf 87' lang='lat' dir='ltr'>montofis</span> <span class='ocrx_word' id='word_1_40' title='bbox 933 744 948 769; x_wconf 81' lang='lat'>,</span> <span class='ocrx_word' id='word_1_41' title='bbox 1003 708 1172 754; x_wconf 90' lang='lat' dir='ltr'>deinde</span> <span class='ocrx_word' id='word_1_42' title='bbox 1211 708 1356 756; x_wconf 78' lang='lat' dir='ltr'>variae</span> 
     </span>
     <span class='ocr_line' id='line_1_8' title="bbox 81 787 1356 850; baseline -0.005 -10"><span class='ocrx_word' id='word_1_43' title='bbox 81 790 338 840; x_wconf 84' lang='lat' dir='ltr'>admodum</span> <span class='ocrx_word' id='word_1_44' title='bbox 360 787 555 838; x_wconf 84' lang='lat' dir='ltr'>orchides</span> <span class='ocrx_word' id='word_1_45' title='bbox 578 791 628 835; x_wconf 89' lang='lat' dir='ltr'>in</span> <span class='ocrx_word' id='word_1_46' title='bbox 651 788 795 847; x_wconf 85' lang='lat' dir='ltr'>pratis</span> <span class='ocrx_word' id='word_1_47' title='bbox 825 788 1028 837; x_wconf 87' lang='lat' dir='ltr'>humidis</span> <span class='ocrx_word' id='word_1_48' title='bbox 1060 804 1162 837; x_wconf 86' lang='lat' dir='ltr'>vere</span> <span class='ocrx_word' id='word_1_49' title='bbox 1193 790 1356 850; x_wconf 84' lang='lat' dir='ltr'>copio-</span> 
     </span>
     <span class='ocr_line' id='line_1_9' title="bbox 79 867 1354 930; baseline -0.002 -12"><span class='ocrx_word' id='word_1_50' title='bbox 79 868 126 918; x_wconf 90' lang='lat' dir='ltr'>se</span> <span class='ocrx_word' id='word_1_51' title='bbox 140 876 468 930; x_wconf 83' lang='lat' dir='ltr'>occurrentes,</span> <span class='ocrx_word' id='word_1_52' title='bbox 483 881 682 930; x_wconf 83' lang='lat' dir='ltr'>quarum</span> <span class='ocrx_word' id='word_1_53' title='bbox 703 867 1075 928; x_wconf 66' lang='lat' dir='ltr'>perfectissimam</span> <span class='ocrx_word' id='word_1_54' title='bbox 1093 868 1354 928; x_wconf 80' lang='lat' dir='ltr'>historiam,</span> 
     </span>
     <span class='ocr_line' id='line_1_10' title="bbox 82 947 1353 1011; baseline -0.003 -16"><span class='ocrx_word' id='word_1_55' title='bbox 82 947 130 995; x_wconf 86' lang='lat'>&amp;</span> <span class='ocrx_word' id='word_1_56' title='bbox 171 947 558 1011; x_wconf 84' lang='lat' dir='ltr'>ichnographiam</span> <span class='ocrx_word' id='word_1_57' title='bbox 604 947 923 1008; x_wconf 83' lang='lat' dir='ltr'>suppeditauit</span> <span class='ocrx_word' id='word_1_58' title='bbox 973 950 1114 996; x_wconf 90' lang='lat' dir='ltr'>nobis</span> <span class='ocrx_word' id='word_1_59' title='bbox 1165 947 1353 996; x_wconf 80' lang='lat' dir='ltr'>illustris</span> 
     </span>
     <span class='ocr_line' id='line_1_11' title="bbox 83 1025 1356 1093; baseline 0 -17"><span class='ocrx_word' id='word_1_60' title='bbox 83 1028 144 1076; x_wconf 90' lang='lat' dir='ltr'>de</span> <span class='ocrx_word' id='word_1_61' title='bbox 176 1026 356 1075; x_wconf 81' lang='lat' dir='ltr'>Haller.</span> <span class='ocrx_word' id='word_1_62' title='bbox 423 1028 632 1075; x_wconf 78' lang='lat' dir='ltr'>Accedit</span> <span class='ocrx_word' id='word_1_63' title='bbox 656 1027 729 1074; x_wconf 88' lang='lat' dir='ltr'>his</span> <span class='ocrx_word' id='word_1_64' title='bbox 763 1025 966 1093; x_wconf 78' lang='lat' dir='ltr'>Ophrys,</span> <span class='ocrx_word' id='word_1_65' title='bbox 1005 1030 1120 1076; x_wconf 86' lang='lat' dir='ltr'>olim</span> <span class='ocrx_word' id='word_1_66' title='bbox 1137 1026 1356 1091; x_wconf 82' lang='lat' dir='ltr'>Bifolium</span> 
     </span>
     <span class='ocr_line' id='line_1_12' title="bbox 82 1105 1353 1168; baseline 0.001 -13"><span class='ocrx_word' id='word_1_67' title='bbox 82 1105 232 1167; x_wconf 58' lang='lat' dir='ltr'>dieta,</span> <span class='ocrx_word' id='word_1_68' title='bbox 271 1120 375 1167; x_wconf 86' lang='lat' dir='ltr'>quae</span> <span class='ocrx_word' id='word_1_69' title='bbox 402 1107 580 1154; x_wconf 85' lang='lat' dir='ltr'>medias</span> <span class='ocrx_word' id='word_1_70' title='bbox 604 1115 728 1154; x_wconf 86' lang='lat' dir='ltr'>amat</span> <span class='ocrx_word' id='word_1_71' title='bbox 746 1105 881 1155; x_wconf 77' lang='lat' dir='ltr'>siluas</span> <span class='ocrx_word' id='word_1_72' title='bbox 899 1144 914 1168; x_wconf 78' lang='lat'><strong>‚</strong></span> <span class='ocrx_word' id='word_1_73' title='bbox 951 1109 1117 1156; x_wconf 88' lang='lat' dir='ltr'>itidem</span> <span class='ocrx_word' id='word_1_74' title='bbox 1145 1110 1353 1162; x_wconf 80' lang='lat' dir='ltr'>vernalis</span> 
     </span>
     <span class='ocr_line' id='line_1_13' title="bbox 80 1185 1358 1250; baseline 0 -15"><span class='ocrx_word' id='word_1_75' title='bbox 80 1190 258 1250; x_wconf 87' lang='lat' dir='ltr'>planta.</span> <span class='ocrx_word' id='word_1_76' title='bbox 332 1185 514 1235; x_wconf 89' lang='lat' dir='ltr'>Omnes</span> <span class='ocrx_word' id='word_1_77' title='bbox 552 1189 757 1248; x_wconf 83' lang='lat' dir='ltr'>exempli</span> <span class='ocrx_word' id='word_1_78' title='bbox 787 1188 900 1234; x_wconf 88' lang='lat' dir='ltr'>loco</span> <span class='ocrx_word' id='word_1_79' title='bbox 935 1197 1220 1238; x_wconf 80' lang='lat' dir='ltr'>memoratas</span> <span class='ocrx_word' id='word_1_80' title='bbox 1259 1189 1358 1249; x_wconf 63' lang='lat' dir='ltr'>pah</span> 
     </span>
     <span class='ocr_line' id='line_1_14' title="bbox 81 1265 1353 1330; baseline -0.002 -12"><span class='ocrx_word' id='word_1_81' title='bbox 81 1284 180 1319; x_wconf 83' lang='lat' dir='ltr'>mas</span> <span class='ocrx_word' id='word_1_82' title='bbox 207 1267 429 1315; x_wconf 88' lang='lat' dir='ltr'>Linnaeus</span> <span class='ocrx_word' id='word_1_83' title='bbox 460 1265 543 1314; x_wconf 89' lang='lat' dir='ltr'>sub</span> <span class='ocrx_word' id='word_1_84' title='bbox 575 1266 711 1314; x_wconf 82' lang='lat' dir='ltr'>claffe</span> <span class='ocrx_word' id='word_1_85' title='bbox 737 1268 1104 1330; x_wconf 81' lang='lat' dir='ltr'>gynandriarum</span> <span class='ocrx_word' id='word_1_86' title='bbox 1128 1267 1353 1315; x_wconf 65' lang='lat' dir='ltr'>diandriass</span> 
     </span>
     <span class='ocr_line' id='line_1_15' title="bbox 78 1346 1358 1409; baseline -0.003 -11"><span class='ocrx_word' id='word_1_87' title='bbox 78 1364 186 1398; x_wconf 85' lang='lat' dir='ltr'>rum</span> <span class='ocrx_word' id='word_1_88' title='bbox 205 1362 313 1396; x_wconf 91' lang='lat' dir='ltr'>cum</span> <span class='ocrx_word' id='word_1_89' title='bbox 335 1348 432 1395; x_wconf 90' lang='lat' dir='ltr'>aliis</span> <span class='ocrx_word' id='word_1_90' title='bbox 452 1346 624 1408; x_wconf 83' lang='lat' dir='ltr'>habet,</span> <span class='ocrx_word' id='word_1_91' title='bbox 664 1347 826 1396; x_wconf 64' lang='lat' dir='ltr'>exacte</span> <span class='ocrx_word' id='word_1_92' title='bbox 846 1347 1137 1409; x_wconf 88' lang='lat' dir='ltr'>respondens</span> <span class='ocrx_word' id='word_1_93' title='bbox 1158 1347 1358 1409; x_wconf 83' lang='lat' dir='ltr'>Royeni</span> 
     </span>
     <span class='ocr_line' id='line_1_16' title="bbox 80 1426 441 1476; baseline -0.003 0"><span class='ocrx_word' id='word_1_94' title='bbox 80 1426 441 1476; x_wconf 59' lang='lat' dir='ltr'>characteribus.</span> 
     </span>
    </p>
   </div>
   <div class='ocr_carea' id='block_1_3' title="bbox 426 1586 1010 1649">
    <p class='ocr_par' dir='ltr' id='par_1_3' title="bbox 426 1586 1010 1649">
     <span class='ocr_line' id='line_1_17' title="bbox 426 1586 1010 1649; baseline 0.003 -5"><span class='ocrx_word' id='word_1_95' title='bbox 426 1586 607 1644; x_wconf 81' lang='lat' dir='ltr'>Claffis</span> <span class='ocrx_word' id='word_1_96' title='bbox 649 1587 686 1643; x_wconf 91' lang='grc' dir='ltr'>Ῑ.</span> <span class='ocrx_word' id='word_1_97' title='bbox 765 1587 922 1645; x_wconf 86' lang='lat' dir='ltr'>Ordo</span> <span class='ocrx_word' id='word_1_98' title='bbox 954 1591 1010 1649; x_wconf 85' lang='lat'>6.</span> 
     </span>
    </p>
   </div>
   <div class='ocr_carea' id='block_1_4' title="bbox 70 1752 1629 2696">
    <p class='ocr_par' dir='ltr' id='par_1_4' title="bbox 70 1752 1629 2618">
     <span class='ocr_line' id='line_1_18' title="bbox 177 1752 1629 1833; baseline 0.003 -31"><span class='ocrx_word' id='word_1_99' title='bbox 177 1752 368 1813; x_wconf 78' lang='lat' dir='ltr'>Sextus,</span> <span class='ocrx_word' id='word_1_100' title='bbox 399 1753 537 1813; x_wconf 87' lang='lat' dir='ltr'>isque</span> <span class='ocrx_word' id='word_1_101' title='bbox 571 1752 770 1800; x_wconf 77' lang='lat' dir='ltr'>vltimuS</span> <span class='ocrx_word' id='word_1_102' title='bbox 792 1753 1049 1817; x_wconf 75' lang='lat' dir='ltr'>palmarum</span> <span class='ocrx_word' id='word_1_103' title='bbox 1067 1753 1175 1804; x_wconf 84' lang='lat' dir='ltr'>ordo</span> <span class='ocrx_word' id='word_1_104' title='bbox 1194 1757 1353 1804; x_wconf 85' lang='lat' dir='ltr'>inuol-</span> <span class='ocrx_word' id='word_1_105' title='bbox 1383 1776 1629 1833; x_wconf 62' lang='lat' dir='ltr'>Explicatio</span> 
     </span>
     <span class='ocr_line' id='line_1_19' title="bbox 76 1829 1585 1900; baseline 0.001 -14"><span class='ocrx_word' id='word_1_106' title='bbox 76 1838 151 1886; x_wconf 89' lang='lat' dir='ltr'>uit</span> <span class='ocrx_word' id='word_1_107' title='bbox 176 1831 348 1900; x_wconf 82' lang='lat' dir='ltr'>palmas</span> <span class='ocrx_word' id='word_1_108' title='bbox 374 1829 628 1892; x_wconf 71' lang='lat' dir='ltr'>triandra&#39;s,</span> <span class='ocrx_word' id='word_1_109' title='bbox 664 1832 712 1879; x_wconf 87' lang='lat' dir='ltr'>id</span> <span class='ocrx_word' id='word_1_110' title='bbox 739 1832 832 1894; x_wconf 76' lang='lat' dir='ltr'>est,</span> <span class='ocrx_word' id='word_1_111' title='bbox 868 1835 1019 1882; x_wconf 87' lang='lat' dir='ltr'>tribus</span> <span class='ocrx_word' id='word_1_112' title='bbox 1053 1845 1242 1885; x_wconf 83' lang='lat' dir='ltr'>tantum</span> <span class='ocrx_word' id='word_1_113' title='bbox 1267 1837 1354 1886; x_wconf 84' lang='lat' dir='ltr'>sta-</span> <span class='ocrx_word' id='word_1_114' title='bbox 1384 1832 1522 1873; x_wconf 76' lang='lat' dir='ltr'>Claffis</span> <span class='ocrx_word' id='word_1_115' title='bbox 1552 1832 1585 1875; x_wconf 88' lang='grc' dir='ltr'>Ῑ-</span> 
     </span>
     <span class='ocr_line' id='line_1_20' title="bbox 75 1885 1620 1981; baseline 0.004 -18"><span class='ocrx_word' id='word_1_116' title='bbox 75 1916 281 1967; x_wconf 87' lang='lat' dir='ltr'>minibus</span> <span class='ocrx_word' id='word_1_117' title='bbox 326 1911 618 1972; x_wconf 84' lang='lat' dir='ltr'>conspicuas.</span> <span class='ocrx_word' id='word_1_118' title='bbox 711 1912 892 1959; x_wconf 80' lang='lat' dir='ltr'>Monet</span> <span class='ocrx_word' id='word_1_119' title='bbox 936 1914 1125 1962; x_wconf 63' lang='lat' dir='ltr'>Auftor</span> <span class='ocrx_word' id='word_1_120' title='bbox 1163 1919 1225 1964; x_wconf 88' lang='lat' dir='ltr'>de</span> <span class='ocrx_word' id='word_1_121' title='bbox 1256 1919 1352 1966; x_wconf 92' lang='lat' dir='ltr'>hoc</span> <span class='ocrx_word' id='word_1_122' title='bbox 1380 1885 1620 1981; x_wconf 46' lang='lat' dir='ltr'>gifissg&#39;tri.</span> 
     </span>
     <span class='ocr_line' id='line_1_21' title="bbox 75 1991 1520 2060; baseline 0.005 -18"><span class='ocrx_word' id='word_1_123' title='bbox 75 1996 245 2046; x_wconf 79' lang='lat' dir='ltr'>ordine</span> <span class='ocrx_word' id='word_1_124' title='bbox 262 2030 279 2054; x_wconf 78' lang='lat'>,</span> <span class='ocrx_word' id='word_1_125' title='bbox 322 1993 644 2055; x_wconf 71' lang='lat' dir='ltr'>proxim—oque</span> <span class='ocrx_word' id='word_1_126' title='bbox 664 2027 680 2052; x_wconf 78' lang='lat'>,</span> <span class='ocrx_word' id='word_1_127' title='bbox 727 1992 890 2042; x_wconf 82' lang='lat' dir='ltr'>dixere</span> <span class='ocrx_word' id='word_1_128' title='bbox 924 1997 1184 2045; x_wconf 81' lang='lat' dir='ltr'>Botanicos</span> <span class='ocrx_word' id='word_1_129' title='bbox 1204 2001 1353 2060; x_wconf 43' lang='lat' dir='ltr'>‘piem-⁷</span> <span class='ocrx_word' id='word_1_130' title='bbox 1377 1991 1520 2034; x_wconf 84' lang='lat' dir='ltr'>andrae.</span> 
     </span>
     <span class='ocr_line' id='line_1_22' title="bbox 75 2071 1348 2141; baseline 0.006 -21"><span class='ocrx_word' id='word_1_131' title='bbox 75 2082 148 2121; x_wconf 86' lang='lat' dir='ltr'>tas</span> <span class='ocrx_word' id='word_1_132' title='bbox 167 2110 183 2133; x_wconf 81' lang='lat'><strong>‚</strong></span> <span class='ocrx_word' id='word_1_133' title='bbox 227 2081 440 2130; x_wconf 85' lang='lat' dir='ltr'>Vtroque</span> <span class='ocrx_word' id='word_1_134' title='bbox 482 2072 580 2120; x_wconf 89' lang='lat' dir='ltr'>hoc</span> <span class='ocrx_word' id='word_1_135' title='bbox 615 2071 697 2120; x_wconf 88' lang='lat' dir='ltr'>sub</span> <span class='ocrx_word' id='word_1_136' title='bbox 742 2075 910 2122; x_wconf 90' lang='lat' dir='ltr'>ordine</span> <span class='ocrx_word' id='word_1_137' title='bbox 954 2080 1348 2141; x_wconf 82' lang='lat' dir='ltr'>comprehensas,</span> 
     </span>
     <span class='ocr_line' id='line_1_23' title="bbox 73 2148 1350 2222; baseline 0.008 -23"><span class='ocrx_word' id='word_1_138' title='bbox 73 2151 270 2200; x_wconf 88' lang='lat' dir='ltr'>liliaceis</span> <span class='ocrx_word' id='word_1_139' title='bbox 301 2148 478 2197; x_wconf 86' lang='lat' dir='ltr'>adfines</span> <span class='ocrx_word' id='word_1_140' title='bbox 498 2185 514 2210; x_wconf 85' lang='lat'>.,</span> <span class='ocrx_word' id='word_1_141' title='bbox 549 2165 640 2198; x_wconf 90' lang='lat' dir='ltr'>nec</span> <span class='ocrx_word' id='word_1_142' title='bbox 675 2153 808 2200; x_wconf 86' lang='lat' dir='ltr'>ausos</span> <span class='ocrx_word' id='word_1_143' title='bbox 843 2155 1012 2219; x_wconf 76' lang='lat' dir='ltr'>fuisse,</span> <span class='ocrx_word' id='word_1_144' title='bbox 1051 2164 1132 2222; x_wconf 89' lang='lat' dir='ltr'>qui</span> <span class='ocrx_word' id='word_1_145' title='bbox 1168 2163 1234 2210; x_wconf 91' lang='lat' dir='ltr'>ob</span> <span class='ocrx_word' id='word_1_146' title='bbox 1264 2163 1350 2209; x_wconf 81' lang='lat' dir='ltr'>flo-</span> 
     </span>
     <span class='ocr_line' id='line_1_24' title="bbox 72 2229 1350 2299; baseline 0.009 -20"><span class='ocrx_word' id='word_1_147' title='bbox 72 2245 149 2279; x_wconf 88' lang='lat' dir='ltr'>res</span> <span class='ocrx_word' id='word_1_148' title='bbox 179 2229 424 2295; x_wconf 80' lang='lat' dir='ltr'>difformes</span> <span class='ocrx_word' id='word_1_149' title='bbox 453 2229 818 2280; x_wconf 82' lang='lat' dir='ltr'>adnumerarent</span> <span class='ocrx_word' id='word_1_150' title='bbox 845 2235 1068 2299; x_wconf 61' lang='lat' dir='ltr'>ulmeis,</span> <span class='ocrx_word' id='word_1_151' title='bbox 1117 2253 1176 2287; x_wconf 85' lang='lat' dir='ltr'>ex</span> <span class='ocrx_word' id='word_1_152' title='bbox 1210 2241 1350 2290; x_wconf 85' lang='lat' dir='ltr'>affini-</span> 
     </span>
     <span class='ocr_line' id='line_1_25' title="bbox 71 2305 1348 2386; baseline 0.009 -28"><span class='ocrx_word' id='word_1_153' title='bbox 71 2319 174 2359; x_wconf 83' lang='lat' dir='ltr'>tate</span> <span class='ocrx_word' id='word_1_154' title='bbox 203 2321 388 2369; x_wconf 78' lang='lat' dir='ltr'>autem,</span> <span class='ocrx_word' id='word_1_155' title='bbox 427 2324 531 2370; x_wconf 86' lang='lat' dir='ltr'>quae</span> <span class='ocrx_word' id='word_1_156' title='bbox 557 2310 667 2370; x_wconf 85' lang='lat' dir='ltr'>ipfis</span> <span class='ocrx_word' id='word_1_157' title='bbox 697 2326 805 2361; x_wconf 89' lang='lat' dir='ltr'>cum</span> <span class='ocrx_word' id='word_1_158' title='bbox 836 2316 1009 2375; x_wconf 83' lang='lat' dir='ltr'>plantis</span> <span class='ocrx_word' id='word_1_159' title='bbox 1023 2305 1255 2386; x_wconf 43' lang='lat' dir='ltr'>“proxime</span> <span class='ocrx_word' id='word_1_160' title='bbox 1280 2320 1348 2369; x_wconf 87' lang='lat' dir='ltr'>su-</span> 
     </span>
     <span class='ocr_line' id='line_1_26' title="bbox 70 2388 1347 2462; baseline 0.009 -24"><span class='ocrx_word' id='word_1_161' title='bbox 70 2391 272 2454; x_wconf 86' lang='lat' dir='ltr'>perioris</span> <span class='ocrx_word' id='word_1_162' title='bbox 303 2388 482 2438; x_wconf 88' lang='lat' dir='ltr'>ordinis</span> <span class='ocrx_word' id='word_1_163' title='bbox 507 2391 761 2440; x_wconf 84' lang='lat' dir='ltr'>intercedit</span> <span class='ocrx_word' id='word_1_164' title='bbox 781 2430 797 2455; x_wconf 82' lang='lat'>.,</span> <span class='ocrx_word' id='word_1_165' title='bbox 843 2397 1028 2446; x_wconf 83' lang='lat' dir='ltr'>nullum</span> <span class='ocrx_word' id='word_1_166' title='bbox 1049 2435 1065 2460; x_wconf 82' lang='lat'>‚</span> <span class='ocrx_word' id='word_1_167' title='bbox 1103 2399 1264 2462; x_wconf 79' lang='lat' dir='ltr'>addit,</span> <span class='ocrx_word' id='word_1_168' title='bbox 1300 2401 1347 2450; x_wconf 88' lang='lat' dir='ltr'>se</span> 
     </span>
     <span class='ocr_line' id='line_1_27' title="bbox 73 2470 1347 2540; baseline 0.01 -23"><span class='ocrx_word' id='word_1_169' title='bbox 73 2470 320 2530; x_wconf 73' lang='lat' dir='ltr'>dubitare,</span> <span class='ocrx_word' id='word_1_170' title='bbox 354 2471 495 2531; x_wconf 82' lang='lat' dir='ltr'>quin,</span> <span class='ocrx_word' id='word_1_171' title='bbox 530 2471 564 2518; x_wconf 89' lang='lat' dir='ltr'><strong>fi</strong></span> <span class='ocrx_word' id='word_1_172' title='bbox 593 2476 796 2521; x_wconf 84' lang='lat' dir='ltr'>naturali</span> <span class='ocrx_word' id='word_1_173' title='bbox 820 2476 1056 2525; x_wconf 85' lang='lat' dir='ltr'>methodo</span> <span class='ocrx_word' id='word_1_174' title='bbox 1082 2481 1347 2540; x_wconf 86' lang='lat' dir='ltr'>procedere</span> 
     </span>
     <span class='ocr_line' id='line_1_28' title="bbox 73 2549 1346 2618; baseline 0.008 -21"><span class='ocrx_word' id='word_1_175' title='bbox 73 2551 305 2610; x_wconf 83' lang='lat' dir='ltr'>velimus,</span> <span class='ocrx_word' id='word_1_176' title='bbox 342 2549 400 2596; x_wconf 91' lang='lat' dir='ltr'>ad</span> <span class='ocrx_word' id='word_1_177' title='bbox 419 2552 596 2612; x_wconf 83' lang='lat' dir='ltr'>palmas</span> <span class='ocrx_word' id='word_1_178' title='bbox 621 2550 789 2603; x_wconf 86' lang='lat' dir='ltr'>referri</span> <span class='ocrx_word' id='word_1_179' title='bbox 810 2557 998 2618; x_wconf 81' lang='lat' dir='ltr'>poflint‚</span> <span class='ocrx_word' id='word_1_180' title='bbox 1029 2573 1082 2605; x_wconf 86' lang='lat' dir='ltr'>ac</span> <span class='ocrx_word' id='word_1_181' title='bbox 1105 2557 1346 2609; x_wconf 67' lang='lat' dir='ltr'>debeant?</span> 
     </span>
    </p>

    <p class='ocr_par' dir='ltr' id='par_1_5' title="bbox 73 2627 1347 2696">
     <span class='ocr_line' id='line_1_29' title="bbox 73 2627 1347 2696; baseline 0.008 -19"><span class='ocrx_word' id='word_1_182' title='bbox 73 2627 220 2678; x_wconf 79' lang='lat' dir='ltr'>Certe</span> <span class='ocrx_word' id='word_1_183' title='bbox 249 2628 508 2693; x_wconf 74' lang='lat' dir='ltr'>speciosUS‚</span> <span class='ocrx_word' id='word_1_184' title='bbox 542 2633 776 2692; x_wconf 52' lang='lat' dir='ltr'>parmatus</span> <span class='ocrx_word' id='word_1_185' title='bbox 798 2636 990 2696; x_wconf 81' lang='lat' dir='ltr'>habitus</span> <span class='ocrx_word' id='word_1_186' title='bbox 1020 2636 1132 2686; x_wconf 89' lang='lat' dir='ltr'>huic</span> <span class='ocrx_word' id='word_1_187' title='bbox 1157 2641 1347 2687; x_wconf 80' lang='lat' dir='ltr'>easdem</span> 
     </span>
    </p>
   </div>
   <div class='ocr_carea' id='block_1_5' title="bbox 1227 2717 1345 2767">
    <p class='ocr_par' dir='ltr' id='par_1_6' title="bbox 1227 2717 1345 2767">
     <span class='ocr_line' id='line_1_30' title="bbox 1227 2717 1345 2767; baseline 0.025 -3"><span class='ocrx_word' id='word_1_188' title='bbox 1227 2717 1345 2767; x_wconf 79' lang='lat' dir='ltr'>claffi</span> 
     </span>
    </p>
   </div>
  </div>
 </body>
</html>
