1881 3137
219 727 458 782 Explicatio

221 781 363 826 Claffis
393 780 472 825 VI.

222 837 327 878 Ord.
360 850 397 887 3.

503 185 612 244 126
909 179 1265 241 CLASSIS
1312 180 1401 239 VI.

834 338 1015 400 claffis
1055 339 1149 398 VJ.
1226 341 1356 400 ord.
1401 357 1448 416 3.

612 460 1166 521 coMPoslTAE
1243 439 1669 522 FLORIBVS

997 566 1286 625 Nvuls.

607 723 948 772 Obseruaueris
988 726 1036 772 in
1073 725 1247 787 plantis
1287 722 1428 770 huius
1461 721 1604 770 claffis
1634 727 1783 771 omni-

500 809 591 855 bus
632 806 897 853 nuditatem
945 805 1225 868 singularem
1267 804 1461 851 corollae
1510 803 1785 864 compofitae

223 886 482 943 Compofitae
504 887 683 948 totius,
734 896 881 947 prout
915 886 1041 935 enim
1072 885 1276 934 corollas
1305 885 1521 944 priorum
1562 882 1784 932 ordinum

222 943 393 985 floribus

211 997 355 1038 nudis·

502 968 790 1022 Vniuersales
832 968 978 1016 vestit
1025 973 1120 1018 lata
1158 971 1474 1029 vtplurimum
1515 969 1785 1016 extremita-

502 1062 635 1112 tum,
675 1048 847 1111 quibus
886 1052 1080 1097 corollae
1113 1049 1303 1111 fingulae
1333 1051 1675 1113 terminantur,
1718 1047 1786 1098 la-

501 1134 638 1184 cinias
670 1130 937 1182 corollarum
953 1133 1176 1180 Botanici
1200 1142 1409 1194 vocant,
1449 1132 1700 1193 expanfiQ
1738 1130 1784 1175 δε

501 1211 685 1273 vbique
714 1211 860 1274 tegit,
896 1212 1188 1271 corollaeque
1210 1213 1368 1260 Vltimi
1391 1211 1571 1259 ordinis
1592 1210 1787 1257 vniuer-

501 1294 616 1342 sales
641 1292 829 1354 lingulis
862 1292 1169 1353 periphericis
1200 1302 1458 1352 ornantur„
1498 1306 1602 1352 quae
1634 1289 1786 1338 nudas

503 1375 593 1423 ess'e
628 1387 730 1422 non
761 1374 939 1434 sinant,
988 1374 1053 1420 ita
1081 1382 1249 1422 contra
1276 1376 1450 1436 plantae
1484 1373 1625 1421 huius
1655 1373 1785 1418 tertii

503 1455 680 1504 ordinis
710 1469 828 1500 vere
860 1454 999 1500 nudae
1034 1453 1143 1500 sunt
1173 1454 1380 1514 semper,
1418 1453 1464 1498 &
1495 1451 1787 1512 angustiores

503 1534 819 1599 vtplurimum
849 1531 1034 1580 suarum
1069 1532 1284 1580 omnium
1319 1531 1662 1579 coi-olluiarum
1689 1532 1791 1582 lim-

502 1615 593 1662 bos
627 1613 892 1673 habente8‚
941 1611 988 1658 &
1022 1619 1251 1672 apparatu
1293 1609 1596 1673 peripherico
1631 1612 1788 1671 quarti

505 1692 683 1741 ordinis
718 1700 933 1738 carentes
967 1690 1132 1750 omni,
1181 1690 1391 1750 accedit,
1439 1690 1571 1751 quod
1600 1700 1788 1741 tantum

505 1789 608 1822 non
637 1774 818 1833 vbique
846 1773 895 1819 in
928 1772 1100 1833 plantis
1130 1772 1269 1818 huius
1302 1770 1481 1817 ordinis
1512 1782 1791 1833 receptacu-

502 1855 548 1901 la
591 1854 683 1902 sint
716 1854 859 1900 etiam
899 1852 1057 1914 nuda,
1115 1851 1161 1898 &
1187 1851 1405 1900 rariffime
1433 1851 1589 1912 villis,
1638 1855 1789 1900 rarius

503 1937 680 1999 paleis,
715 1937 868 1996 iisque
899 1937 983 1983 vel
1011 1937 1248 1996 deciduis,
1289 1936 1374 1982 vel
1400 1937 1625 1983 concauis
1643 1936 1786 2000 tecta,

505 2015 637 2077 quod
671 2015 863 2075 quidem
892 2016 943 2063 in
971 2017 1212 2077 prioribus
1245 2015 1491 2063 ordinibus
1522 2016 1702 2076 rarius,
1737 2017 1790 2065 in

503 2093 748 2157 postremo
778 2094 988 2142 crebrius
1017 2094 1185 2141 videre
1217 2095 1345 2141 licet.
1434 2094 1556 2159 Quae
1584 2107 1786 2156 genera,

506 2171 553 2219 &
590 2171 809 2231 exempla
837 2171 978 2218 huius
1012 2171 1190 2219 ordinis
1223 2171 1496 2220 communia
1523 2170 1631 2220 sunt
1653 2208 1670 2234 ,
1704 2173 1792 2220 vel

504 2252 675 2314 sponte
723 2252 987 2302 crescentes
1010 2288 1026 2314 ,
1073 2253 1157 2299 vel
1190 2253 1239 2300 in
1280 2253 1433 2301 hortis
1471 2254 1653 2313 cultam,
1703 2252 1790 2300 vel

504 2333 743 2383 medicato
786 2332 874 2381 vsu
917 2335 1130 2382 celebres
1163 2332 1322 2394 paffim
1351 2333 1529 2393 species
1562 2331 1787 2378 exhiben-

506 2415 598 2475 tia,
657 2411 902 2473 sequentia
945 2413 1192 2462 nominare
1232 2413 1400 2459 liceat:
1471 2405 1786 2474 Chrysbcoma‚

507 2494 813 2555 Santolz'nam,
854 2493 1161 2562 Gnaphalium
1176 2532 1190 2554 ,
1230 2489 1599 2563 Xeranthemum‚
1637 2492 1794 2540 Arte-*-

504 2569 698 2631 misiam,
751 2574 885 2621 cuius
916 2588 1064 2635 genus
1098 2570 1363 2637 absinthium
1405 2586 1600 2634 quoque
1629 2571 1712 2620 sub
1742 2571 1793 2619 se·

501 2647 676 2712 habet,
723 2649 771 2699 T
760 2661 1016 2716 macetum,
1054 2651 1372 2719 Eupatorium‚
1415 2650 1664 2712 Kleinia'm,
1704 2650 1798 2700 Co·-

1586 2745 1784 2805 κραίνῃ,
