1881 3137
326 211 399 271 28
796 203 1272 267 PROLOGVS.

330 325 537 382 bonum
574 327 939 399 praeextiterit‚
979 310 1204 386 alterum
1232 330 1349 387 licet
1370 348 1523 406 aeque
1550 331 1762 393 bonum

326 409 663 474 introducere
719 435 829 472 non
883 419 1064 484 liceat,
1132 420 1223 476 nisi
1272 420 1433 478 fuerit
1483 422 1763 494 essentiale,

325 508 449 566 huic
492 509 633 563 enirn
667 508 873 571 omnia,
924 509 1042 567 licet
1086 528 1184 585 per
1227 510 1275 567 se
1317 511 1591 569 certissima
1633 513 1766 572 sem-

329 615 429 675 per
465 599 654 656 cedere
692 597 904 656 debent.

436 692 720 757 Tandem,
760 694 851 767 qui
875 709 1055 757 nourr,
1081 697 1142 754 &
1169 693 1378 767 pridem
1397 692 1616 752 deteE‘cae
1651 694 1763 768 spe-

327 779 419 833 ciei
457 797 659 838 nomen
692 782 946 855 imponit,
988 781 1223 838 diuisioni
1256 784 1405 857 prius
1437 782 1667 839 affumtae
1692 784 1764 838 in·

331 870 506 927 fistere
527 914 543 939 ,
596 873 820 948 dataque
850 875 1065 930 nomina
1084 910 1099 937 ,
1159 873 1250 930 vbi
1283 874 1356 930 est
1385 873 1586 932 necesse
1609 910 1625 937 ,
1667 892 1766 948 per

331 961 712 1019 dichotomiam
753 979 950 1037 augere
987 978 1196 1020 tenetur
1220 1000 1235 1026 ,
1297 979 1457 1038 atque
1487 967 1555 1021 ita
1586 966 1763 1020 minor

323 1051 377 1105 in
415 1051 694 1124 posterum
741 1051 832 1107 fiet
874 1057 1158 1110 nominum
1210 1056 1515 1117 innonati02
1595 1073 1757 1130 quam

325 1156 566 1214 vnquam
603 1155 768 1199 antea.
863 1142 1140 1200 Eiusmodi
1170 1161 1312 1201 nunc
1343 1146 1559 1201 nomina
1591 1162 1657 1200 ex
1681 1162 1759 1201 ar-

328 1243 381 1285 te
416 1227 658 1286 confecta
690 1232 742 1286 in
777 1245 883 1287 tota
916 1233 990 1288 Re
1010 1233 1269 1289 Herbaria
1300 1235 1477 1308 reperi
1509 1234 1597 1289 vix
1628 1233 1757 1299 vlla,

325 1332 686 1393 praeterquam
711 1320 763 1373 in
785 1318 940 1375 Flora
967 1321 1276 1394 Lapponica
1288 1355 1304 1383 ‚
1343 1325 1405 1380 ὅ(
1428 1321 1608 1376 Horto
1632 1320 1757 1379 clif-

321 1409 550 1468 fortiano
573 1406 922 1465 Celeberrimi
947 1410 1122 1466 Caroli
1154 1409 1388 1472 Linnaei,
1429 1413 1520 1485 qui
1547 1412 1754 1484 primus

323 1496 460 1554 hanc
496 1497 817 1553 methodum
851 1500 905 1553 in
934 1497 1202 1571 speciebus
1243 1499 1462 1553 tentauit
1483 1532 1500 1560 ,
1556 1503 1618 1559 &
1646 1496 1754 1553 suc-

320 1587 574 1644 cessorem
608 1585 793 1643 habuit
834 1585 914 1643 Cl.
940 1588 1204 1654 ‚Ioannem
1237 1587 1582 1643 Fredericum
1612 1585 1753 1642 Gro-

319 1681 570 1740 nouium‚
610 1678 702 1752 qui
735 1676 1030 1750 prudenter
1065 1675 1267 1748 vbique
1304 1677 1357 1731 in
1393 1674 1548 1731 Flora
1581 1676 1752 1751 Virgi-

319 1773 431 1829 nica
461 1772 569 1826 eius
598 1768 811 1841 vestigia
843 1765 1038 1840 preffit.
1117 1766 1263 1823 Cum
1297 1779 1475 1821 autem
1510 1765 1751 1838 plurimis

315 1858 370 1921 in
404 1858 688 1936 generibus
716 1875 826 1913 non
860 1873 1052 1931 paucas
1087 1855 1279 1930 species
1297 1890 1313 1918 ‚
1353 1872 1483 1929 quas
1517 1855 1608 1912 Ille
1637 1871 1747 1912 non

314 1952 553 2015 viderat,
607 1966 826 2007 cernere
859 1947 990 2004 mihi
1026 1947 1211 2003 datum
1247 1943 1442 2007 fuerit,
1495 1945 1619 2002 hinc
1653 1963 1748 2003 no-

312 2047 457 2101 mina
500 2042 643 2104 eius,
702 2040 1008 2114 Vbicunque
1052 2036 1462 2112 requirebatur,
1531 2035 1744 2100 adauxi,

314 2149 550 2207 cumque
591 2148 701 2191 non
736 2146 923 2186 omnes
959 2128 1159 2204 plantas
1186 2129 1330 2184 viuas
1368 2128 1418 2182 ei
1446 2127 1744 2182 examinare

309 2224 588 2298 contigerit
611 2258 628 2287 ‚
686 2221 809 2278 hinc
849 2219 971 2278 inde
1019 2218 1236 2277 exclusis
1276 2219 1386 2274 eius
1437 2215 1742 2274 nominibus

309 2311 552 2390 specificis
594 2312 813 2370 meliora
844 2311 1150 2373 introduxi,
1189 2326 1288 2365 nec
1325 2310 1449 2364 citra
1481 2306 1740 2363 neceffita-

310 2422 419 2464 tem
453 2404 715 2461 summam
742 2401 938 2478 aliquid
965 2400 1230 2456 innouaui.
1330 2394 1529 2452 Nullus
1559 2408 1738 2452 tamen

306 2498 521 2560 dubito,
563 2497 692 2571 quin
714 2495 876 2570 longa
907 2492 1016 2550 dies
1046 2490 1132 2547 his
1145 2487 1265 2564 ipsis
1295 2487 1560 2562 pulcriora
1590 2486 1738 2543 datu·

306 2583 365 2648 ra
395 2587 489 2655 fit,
540 2602 638 2642 nec
678 2586 820 2640 enim
857 2583 947 2639 vni
979 2592 1160 2655 patent
1202 2593 1390 2633 omnes
1427 2592 1527 2649 per
1559 2589 1734 2632 totum

306 2661 540 2757 regnum
559 2674 854 2752 vegetabile
871 2671 1288 2737 obseruationes,
1320 2688 1419 2729 nec
1442 2671 1532 2731 vni
1554 2672 1732 2728 omnia

321 2776 327 2781 ’
1538 2776 1729 2836 capere
