1881 3137
362 128 1035 197 VMBE'LLIFERAE.
1250 145 1361 205 117

59 258 300 321 fortiano,
346 260 459 306 lieet
490 256 539 303 in
570 255 767 302 historia
799 253 1123 302 characterum
1173 254 1359 315 generi-

60 344 230 381 corum
284 330 523 378 Heracleo
574 330 752 391 duplex
798 331 1010 390 tribuat,
1087 329 1354 377 Vniuersale

63 423 169 458 non
198 411 380 470 mian
419 422 478 455 ac
503 407 732 469 partiale,
766 408 898 455 vnde
923 407 1230 467 conficimus,
1267 421 1353 454 no-

66 480 216 538 strum
247 490 513 538 Auctorem
557 487 832 537 constanter
877 491 1061 538 nulium
1098 488 1350 549 inuenisse,

65 568 244 633 species
275 572 355 619 ina
382 571 532 632 prima
565 566 814 631 Heraclei,
850 585 952 630 quae
980 570 1173 618 dicitur:
1226 568 1352 616 soliis

67 651 387 714 pinnatifidiS,
424 650 643 699 Bauhino
664 649 1018 712 Sphondylium
1042 650 1238 710 vulgare
1262 647 1352 694 hir-

66 734 250 793 sutum,
307 736 421 782 olim
460 732 647 782 Branca
693 730 844 794 vrfina
877 733 1170 795 germanica,
1227 744 1353 778 com--

66 810 327 861 muniffima
368 810 415 855 in
465 810 609 869 pratis
656 808 922 857 Germaniae
965 807 1175 870 specioso
1211 806 1355 854 vaide

68 896 298 949 apparatu
337 901 544 949 procero
586 902 641 935 ea
682 901 874 935 ornans,
980 887 1159 949 Neque
1197 887 1354 935 minus

66 967 348 1029 frequenter
377 966 548 1028 sponte
575 982 663 1029 per
695 967 1001 1016 Germaniam
1033 964 1197 1014 crescit
1227 966 1352 1015 aliud

63 1049 207 1097 huius
241 1049 419 1097 ordini-s
444 1064 619 1112 genUS‚
658 1051 789 1110 quod
818 1049 886 1097 est
910 1049 1179 1113 Pastinaca,
1218 1048 1352 1095 cuius

63 1143 198 1181 mere
229 1129 435 1177 varietas
473 1128 540 1176 est
560 1129 707 1176 altera
728 1130 777 1176 in
799 1129 944 1191 agri5‚
980 1128 1231 1187 hortisque
1259 1128 1354 1175 cui-

65 1221 144 1272 ta,
182 1211 315 1257 cuius
344 1209 507 1257 edules
539 1209 718 1257 radices
749 1209 886 1256 muiti
911 1207 1167 1256 admodum
1193 1208 1242 1255 in
1276 1209 1353 1254 de-

64 1290 185 1338 liciis
218 1290 412 1337 habent.
502 1287 736 1336 Siluestris
771 1288 1021 1349 pastinacae
1049 1283 1196 1351 semen
1226 1300 1354 1334 com—

65 1368 416 1418 mendauerunt
448 1368 609 1428 paucis
640 1366 810 1414 abhinc
833 1367 964 1414 annis
999 1375 1225 1426 tanquam
1256 1362 1353 1424 spe-

65 1448 257 1495 cificum
294 1454 463 1492 contra
505 1445 664 1492 febres
705 1446 1077 1492 intermittentes
1120 1444 1176 1490 ad
1207 1457 1353 1491 Vnam

66 1528 231 1574 datum
263 1523 533 1572 drachmam
566 1539 591 1571 e
625 1524 760 1571 vino,
831 1522 1079 1572 Habemus
1112 1531 1271 1571 autem
1293 1537 1354 1571 ex

63 1605 165 1653 hoc
190 1605 357 1652 ordine
391 1604 550 1663 plures
580 1601 688 1649 alias
714 1602 1038 1651 vmbeliiferas
1071 1602 1349 1663 officinales,

57 1685 321 1755 pimpinella
354 1684 648 1732 officinarum
690 1685 832 1745 acris,
887 1686 1020 1733 cuius
1055 1686 1188 1733 radix
1231 1699 1350 1734 vere

62 1769 212 1830 acm,
259 1768 305 1815 &
338 1767 596 1814 aromatica
633 1766 788 1813 multo
828 1765 917 1814 vsu
949 1767 1140 1816 medico
1184 1769 1348 1829 venit,

60 1847 433 1912 potentiffimum
465 1847 707 1895 resoluens
728 1882 744 1907 ,
793 1846 838 1893 &
872 1847 1085 1896 incidens
1124 1849 1172 1896 in
1205 1850 1349 1897 variis

58 1928 299 1988 faucium,
337 1927 381 1974 &
407 1928 577 1991 linguae
600 1927 807 1987 morbiS,
850 1924 1207 1975 Tournefortio
1231 1926 1349 1975 Tra·

59 2006 322 2072 goselinum
357 2006 630 2065 dicebatur,
678 2007 788 2053 alias
823 2004 965 2053 etiam
993 2003 1252 2071 pimpinella
1285 2005 1348 2052 di-

63 2088 190 2135 citur
222 2085 346 2144 alba,
381 2094 438 2133 vt
467 2101 492 2131 a
514 2084 812 2153 Sanguisorba
834 2086 1203 2145 discerneretur,
1242 2099 1346 2146 quae

63 2170 180 2216 olim
213 2174 412 2228 propter
435 2164 689 2214 obscurum
712 2165 906 2226 capituli
937 2156 1136 2212 floriferi
1169 2165 1347 2226 sangui-

58 2261 206 2297 neum
239 2247 454 2294 colorem
483 2243 739 2309 pimpinella
756 2242 1051 2310 fimgmfhrba
1082 2243 1202 2292 diua
1235 2248 1341 2297 fuit.

60 2324 284 2375 Submifit
305 2323 418 2372 huic
434 2324 718 2384 pimpinellae
744 2325 933 2386 generi,
970 2333 1192 2386 tanquam
1223 2329 1343 2374 eius-

63 2402 171 2450 dem
199 2402 427 2462 speciem‚
464 2401 687 2450 Linnaeus'
718 2403 765 2450 in
785 2403 876 2450 suis
897 2402 1172 2464 speciebus,
1211 2407 1342 2465 quod

63 2494 186 2526 vero
215 2494 304 2527 ceu
334 2495 518 2530 nouum
541 2495 688 2545 genus
717 2484 983 2543 plantarum
1010 2484 1235 2545 producit
1254 2497 1340 2531 no-

60 2559 157 2613 ster
188 2556 400 2619 Auctor,
448 2560 691 2610 nimirum:
743 2560 970 2625 Anifum,
1009 2563 1144 2612 cuius
1180 2565 1340 2626 praeci-

688 2637 724 2685 P
761 2655 785 2699 3
1240 2655 1337 2703 pue
