1881 3137
468 200 548 260 94
881 172 1239 235 CLASSIS
1278 169 1395 229 IV.-

476 304 678 364 squamae
692 297 843 364 fimen
873 299 1117 356 condem,
1157 295 1287 357 quod
1317 292 1385 341 est
1410 303 1507 340 mtx
1526 291 1754 353 'angulosa

480 391 641 436 ouata.
730 379 1037 428 Notiffimum
1069 378 1194 426 aliud
1227 376 1367 423 huius
1397 370 1575 420 ordinis
1608 384 1755 433 genus

483 461 551 510 est
577 464 719 510 arbor
743 472 952 524 quercus,
989 457 1034 505 &
1064 458 1147 506 suo
1167 458 1316 519 lign0‚
1346 454 1392 501 &
1410 452 1500 499 suis
1522 449 1754 498 frufflbus

480 541 742 599 vtiliffima‚
784 537 1160 600 speeiofiffimum
1189 546 1288 582 tam
1321 532 1402 580 sua
1429 532 1720 592 proceritate
1739 562 1754 589 ‚

484 637 625 685 quam
662 620 819 680 ampla
857 619 1061 666 caudicis
1102 617 1336 664 diametro
1362 647 1377 672 ,
1431 609 1477 656 &
1510 611 1758 658 innumera

482 716 724 751 ramorum
767 697 1051 749 foliosorum
1099 695 1386 756 expansione
1428 690 1648 737 siluarum
1686 702 1759 734 or-

484 794 788 842 namentum,
822 781 966 827 flores
995 777 1228 827 masculos
1257 776 1307 822 in
1336 781 1579 822 amentum
1600 771 1760 817 laxum

487 863 691 927 digestos
713 899 729 924 .‚
766 862 1001 911 femineos
1040 861 1088 907 in
1114 871 1299 922 gemma
1327 855 1492 904 seffiles
1521 852 1760 910 offerens,

490 946 674 994 corolla
711 944 755 991 δε
793 942 1059 1005 pericarpio
1101 937 1369 988 absentibus
1389 973 1404 998 a
1448 936 1658 984 formato
1698 935 1762 984 se·

492 1030 618 1077 mine
643 1063 658 1087 .,
706 1027 790 1072 vel
827 1024 984 1071 fruelu
1024 1039 1049 1070 e
1091 1038 1197 1072 nuce
1235 1021 1399 1079 ouah,
1453 1017 1608 1066 crusta
1641 1018 1766 1068 testa

495 1109 714 1155 coriacea
736 1141 752 1165 .‚
820 1105 1037 1152 vniualui
1059 1139 1076 1165 .,
1142 1102 1238 1150 bafi
1283 1099 1473 1159 derasa,
1542 1098 1589 1145 &
1630 1099 1767 1149 affixa

489 1189 627 1237 breui
662 1187 849 1248 cami,
886 1195 1040 1233 terete
1061 1220 1076 1246 ,
1112 1185 1305 1248 glabra,
1340 1189 1476 1245 grato
1506 1193 1768 1241 porcorum

489 1269 730 1330 praecipue
752 1267 947 1327 pabulo.
999 1262 1246 1313 Habemus
1269 1265 1429 1325 plures
1451 1263 1591 1309 huius
1615 1263 1768 1329 Quer-

490 1364 576 1397 cus
604 1351 653 1398 in
684 1349 808 1397 siluis
835 1347 1103 1394 Germaniae
1131 1345 1336 1407 species,
1375 1359 1489 1405 quas
1512 1346 1638 1391 inter
1659 1345 1769 1392 emi-

492 1439 578 1480 net
615 1427 770 1478 Robur
793 1465 809 1490 .,
858 1428 1099 1476 ordinario
1146 1427 1516 1474 adnumerantur
1551 1426 1664 1473 huic
1696 1441 1772 1489 ge-

494 1511 599 1562 neri
631 1510 774 1557 etiam
804 1507 903 1557 Ilex
927 1506 1269 1554 Tournefortii
1291 1543 1306 1568 ‚
1351 1506 1552 1554 sollicite
1582 1508 1639 1554 ab
1672 1503 1776 1556 llice

496 1590 674 1643 Linnaez‘
729 1587 1057 1650 distinguenda
1077 1623 1092 1649 ‚
1161 1597 1338 1650 vtpote
1390 1602 1494 1648 quae
1546 1587 1776 1651 fingulare

499 1669 626 1732 apud
666 1666 815 1729 ipsum
857 1678 1004 1726 genus
1042 1663 1291 1711 constituit
1312 1699 1328 1723 ‚
1370 1665 1447 1712 cui
1475 1663 1778 1714 Tournefor⁴

450 1784 457 1792 ·
498 1754 593 1800 tius
625 1762 807 1797 nomen
843 1744 1018 1794 dabat:
1065 1740 1355 1809 Aquifolium
1375 1779 1392 1805 ,
1439 1745 1537 1794 aliis
1581 1747 1778 1799 dicitur:

499 1834 597 1882 ilex
630 1828 876 1886 aculeata,
922 1822 1004 1871 seu
1029 1824 1296 1887 agrifolium
1320 1859 1337 1884 .,
1386 1823 1535 1872 habet
1564 1826 1667 1875 haec
1694 1831 1780 1878 flo-

502 1928 577 1965 res
616 1905 1033 1970 hermaphroditos
1078 1906 1349 1954 constanter
1370 1942 1386 1967 ‚
1444 1906 1489 1954 &
1521 1907 1590 1957 est
1618 1923 1678 1957 ex
1706 1926 1780 1958 or·
1811 1915 1817 1920 ”

505 1992 614 2038 dine
663 1988 1068 2051 oligantherarum
1109 1987 1305 2047 Royeni
1349 1985 1624 2036 staminibus
1671 2005 1781 2053 qua-

503 2079 646 2129 tuor,
682 2068 762 2114 illa
793 2081 935 2127 vem,
968 2066 1063 2113 ilex
1089 2065 1447 2129 Tournefortii,
1484 2070 1618 2117 cuius
1642 2072 1785 2120 etiam

504 2148 682 2211 species
717 2145 786 2193 est
815 2147 900 2194 ista
933 2148 1214 2211 coccigera.,
1251 2162 1397 2198 coccus
1430 2148 1664 2213 infhHoria
1689 2152 1784 2201 Lo-

508 2228 639 2277 belio
674 2225 827 2286 diem,
862 2226 993 2274 vnde
1017 2241 1167 2293 grana
1195 2224 1382 2279 chermes
1403 2229 1452 2276 in
1481 2230 1680 2279 officinis
1707 2234 1786 2281 ha-

507 2309 712 2366 bentur,
768 2303 960 2354 diuersis
995 2307 1185 2354 varians
1217 2306 1516 2370 speciebuss
1548 2311 1787 2374 distinguit

508 2382 552 2430 se
601 2385 919 2446 vtplurimum
961 2400 987 2433 a
1027 2400 1208 2446 quercu
1250 2387 1588 2438 Tournefortii
1614 2426 1630 2452 ‚
1682 2407 1787 2453 quae

510 2463 629 2511 folia
668 2462 851 2512 finuosa
887 2464 1067 2525 habet,
1133 2464 1259 2513 foliis
1305 2467 1503 2517 dentato
1526 2501 1543 2508 -
1568 2470 1751 2520 serratis
1770 2503 1787 2530 ‚

512 2543 726 2602 quamuis
765 2543 908 2590 etiam
942 2553 1168 2593 occurrat
1196 2545 1245 2592 in
1280 2547 1498 2600 Bauhino
1538 2554 1790 2620 QuerCUS‚

515 2634 618 2683 quae
647 2625 746 2671 ilex
776 2623 897 2675 folio
929 2624 1126 2690 angusto
1152 2640 1254 2675 non
1281 2626 1458 2679 serrato
1485 2635 1642 2694 audit,
1660 2660 1661 2663 =
1678 2647 1704 2679 a
1722 2645 1793 2676 re*

1687 2722 1794 2759 cen-
