1881 3137
399 137 1113 198 POLYANTHERAE.
1285 155 1393 217 195
1444 190 1448 194 ,

119 260 262 307 etiam
297 259 377 308 illa
411 256 617 307 mimosae
653 255 829 318 species
865 270 1103 321 meretur,
1161 273 1265 320 quae
1299 263 1392 324 ipsa

118 337 185 383 est
221 338 521 398 quorundam
555 350 673 383 vera
692 334 1064 403 AElbhynowene,
1098 333 1231 384 herba
1264 340 1392 394 uiua,

118 419 201 465 vel
229 406 433 483 lbnfitiua
468 421 531 466 ob
570 428 875 479 apparentem
911 418 1276 480 sensibilitatem,
1313 428 1394 469 aut

114 497 278 559 potius
321 499 461 546 huius
507 497 763 559 effeetum,
811 512 908 559 quo
943 500 1029 546 vix
1065 512 1090 544 e
1124 498 1389 560 longinquo

115 574 238 625 taeta
276 575 446 626 foliola
485 578 530 625 se
566 580 859 627 contrahunt
894 578 1049 625 subito
1073 614 1089 639 ,
1134 592 1188 625 ac
1222 578 1256 626 fi
1290 593 1390 627 mo-

115 660 169 699 tu
203 656 522 704 animarentur
561 658 762 707 animali.
867 658 957 705 Vti
993 666 1152 705 autem
1184 660 1280 707 hoc
1315 672 1390 720 ge-

113 746 204 779 nus
243 732 510 783 Germaniae
547 736 848 798 peregrinum
884 734 978 796 est,
1014 735 1076 782 fic
1097 736 1238 782 etiam
1262 734 1389 782 aliud

114 813 211 859 huc
245 816 474 877 remum,
507 815 685 863 scilicet
716 815 1046 881 anacampseros
1070 816 1278 878 Linnaei,
1309 824 1389 864 aut

112 896 310 944 Dillenii
373 895 711 963 Telephiastrum
734 933 748 957 ,
818 897 989 944 deinde
1042 897 1138 945 huc
1193 912 1387 959 quoque

112 980 321 1038 pertinet
363 977 630 1044 portulaca,
689 979 823 1025 cuius
880 978 1055 1039 species
1109 980 1389 1041 frequenter

112 1073 198 1119 per
235 1058 502 1106 Germaniae
537 1058 735 1118 hortOS,
772 1057 1037 1119 vineasque
1060 1061 1247 1106 colitur.
1283 1061 1388 1108 Ma-

112 1138 239 1185 xime
291 1147 451 1185 autem
502 1134 641 1183 huius
692 1135 836 1183 etiam
891 1135 1069 1184 ordinis
1119 1151 1267 1200 genus
1319 1140 1389 1188 est

111 1213 397 1279 impericuvtz,
448 1213 581 1260 cuius
627 1213 794 1273 aliquae
836 1211 1013 1273 speeies
1060 1229 1146 1276 per
1193 1216 1389 1264 Germa-

110 1293 237 1340 niam
280 1292 450 1354 sponte
494 1291 740 1351 crescunt,
793 1292 921 1338 haud
953 1308 1117 1353 paucae
1153 1296 1201 1343 in
1235 1296 1388 1345 hortis

111 1375 254 1422 etiam
285 1374 513 1420 coluntur
533 1408 549 1433 ,
585 1386 684 1419 vna
719 1376 783 1418 ex'
826 1371 916 1419 illis
959 1372 1246 1423 siluestribus
1271 1411 1286 1435 ‚
1320 1377 1390 1423 ni-

112 1458 310 1504 mirum:
351 1452 624 1518 fflperz'cum
646 1451 834 1514 floribus
867 1456 1067 1518 trigynis
1085 1492 1101 1517 ‚
1140 1459 1274 1504 caule
1311 1473 1386 1509 an·
1414 1489 1422 1497 ·

109 1545 211 1581 nuo
235 1566 251 1593 ‚
310 1530 437 1578 foliis
489 1530 725 1591 punGmtis
773 1532 953 1581 obtusis
1002 1534 1246 1584 officinalis
1290 1538 1386 1600 est,

111 1613 295 1660 virtute
330 1611 612 1658 traumatica
650 1613 890 1672 celebris;
943 1613 1014 1662 est
1053 1630 1203 1678 porro
1237 1633 1387 1683 genus

111 1691 236 1739 aliud
269 1688 376 1737 satis
408 1697 610 1738 notum:
650 1689 818 1756 Czstus,
851 1691 984 1740 vnde
1018 1707 1121 1743 non
1154 1696 1386 1748 siluestres

106 1772 256 1821 modo
291 1769 512 1833 prostant
544 1771 711 1832 aliquae
746 1771 957 1834 specie8‚
1000 1773 1080 1822 sed
1114 1775 1162 1823 &
1195 1778 1245 1825 in
1279 1777 1388 1827 hor-

108 1857 170 1904 tis
219 1854 460 1917 elegantes
507 1854 750 1901 coluntur.
853 1854 1072 1904 Vlterius
1115 1857 1211 1904 huc
1244 1861 1388 1919 perti-

110 1941 195 1983 net
216 1930 434 1998 Capparis
450 1966 463 1988 ,
498 1932 753 1981 vndeinon
772 1940 962 1981 tantum
980 1948 1187 1997 gemmas
1208 1938 1387 1987 florum

110 2014 275 2063 edules
310 2022 448 2061 aceto
485 2012 728 2073 conditam,
763 2010 842 2061 sed
875 2012 921 2060 &
954 2014 1122 2063 radicis
1157 2019 1388 2069 corticem

109 2098 159 2144 in
183 2093 382 2142 officinis
405 2094 799 2156 pharmaceuticis
819 2092 1068 2143 habemus.
1137 2096 1222 2146 Est
1245 2101 1390 2149 etiam

111 2189 171 2224 ex
214 2174 311 2222 hoc
355 2174 524 2223 ordine
569 2172 617 2221 T
610 2169 841 2220 heobroma
861 2203 875 2231 ,
920 2174 1054 2222 cuius
1097 2166 1274 2236 species
1316 2179 1388 2227 est

112 2255 256 2307 Cacao
290 2285 304 2312 ‚
341 2256 388 2303 &
423 2251 638 2317 expreffo
675 2267 701 2300 e
731 2253 963 2302 fruetibus
996 2251 1186 2321 butyro,
1227 2254 1278 2301 1&
1310 2273 1388 2320 pa—

110 2344 213 2383 rata
266 2348 327 2381 ex
377 2334 546 2382 iisdem
600 2333 736 2382 tostis
787 2333 1052 2396 analeptica
1074 2369 1090 2395 ,
1142 2338 1389 2388 nutriente

115 2409 357 2462 Succolada
392 2416 627 2471 celebris;
674 2427 734 2460 ex
767 2415 1019 2462 arboribus
1062 2412 1150 2461 vsu
1183 2416 1230 2464 ἀ
1264 2432 1389 2467 oeco-

114 2487 310 2536 nomico
333 2527 349 2552 ,
394 2492 810 2554 mechanicoque,
869 2490 914 2538 &
964 2493 1202 2542 medicato
1254 2498 1389 2545 claris

116 2561 184 2610 est
218 2564 313 2614 huc
346 2572 590 2631 pertinens
637 2570 782 2628 Tzlia,
827 2585 976 2633 porro
1009 2586 1041 2620 >e
1076 2572 1212 2621 claffe
1241 2576 1391 2624 medi·

708 2652 788 2701 Bb
826 2667 852 2702 2
1314 2664 1386 2698 ca·
