1881 3137
476 155 916 216 GRAMINA.
1272 166 1348 234 89

58 293 188 331 nuces
220 281 353 341 duae,
391 278 556 340 offeae,
594 280 1004 342 oblongo-ouatae
1027 313 1044 338 ,
1082 282 1342 342 angulatae,

62 356 143 406 sed
187 356 562 406 Tournefortius
607 358 756 404 modo
792 358 1093 406 vniloculare
1135 360 1183 406 in
1217 360 1345 419 alii8‚

65 435 324 482 biloculare
348 433 396 479 in
418 434 515 480 aliis
537 434 810 482 Obseruauit
829 432 1002 482 semen.
1096 435 1341 500 Septimum

65 509 203 558 huius
233 509 412 557 ordinis
446 525 594 574 genus
642 506 796 576 Typha
832 510 927 570 est,
967 513 1100 558 cuius
1144 514 1337 561 vnicam

64 597 251 637 tantum
284 590 487 653 speciem
522 593 740 639 nominat
773 592 914 638 nobis
954 592 1170 653 Aufiior,
1208 602 1346 642 caret

65 668 168 716 haec
203 671 345 719 etiam
379 672 599 737 corollis,
646 670 1071 720 communissimum
1114 674 1343 731 paludum

68 751 443 812 germanicarum
461 753 776 813 spontaneum
802 758 1138 801 ornamentum
1157 788 1173 814 ‚
1212 757 1345 815 quod

69 830 177 878 suos
208 830 418 897 mastulos
452 834 595 882 flores
630 836 679 881 in
717 841 910 881 amento
933 832 1080 880 habet
1106 834 1341 883 columnae

67 914 231 973 amplae
252 948 268 975 ,
303 915 469 961 teretis
491 949 507 974 ,
541 915 720 978 nigrae,
770 914 980 962 culmum
1015 915 1341 976 terminantis,

66 995 211 1043 calice
243 996 511 1058 composito
551 1009 610 1043 ex
644 1004 836 1044 amento
875 995 1156 1055 communi,
1195 996 1341 1057 cylin0

65 1073 241 1123 draceo
261 1111 277 1136 ‚
317 1075 576 1124 denfiffimo
602 1111 617 1136 ‚
665 1074 913 1123 constante
946 1074 1221 1134 perianthiis
1264 1077 1343 1122 tri-

66 1155 243 1217 phyllis
270 1191 286 1217 ‚
338 1156 385 1204 &
428 1156 621 1204 setaceis
647 1191 663 1216 ,
711 1153 931 1218 femineos
973 1155 1251 1203 numerosos
1295 1159 1344 1204 in

67 1244 268 1282 amento
290 1269 306 1295 ,
345 1233 550 1282 eundem
593 1233 804 1279 culmum
846 1230 1066 1293 cingente
1087 1266 1104 1291 ‚
1155 1247 1344 1296 compa-

69 1314 261 1366 &cimmo
285 1315 507 1379 digestos·
579 1316 733 1365 Semen
752 1312 860 1360 heic
879 1327 1090 1375 pappum
1121 1316 1241 1378 gerit
1273 1329 1344 1362 ca-

66 1395 313 1458 pium-em,
366 1396 474 1444 setae
513 1393 789 1444 seminiferae
822 1394 949 1454 quasl
981 1394 1205 1454 affixum,
1242 1395 1344 1445 lon-

67 1476 279 1539 gitudine
313 1475 487 1536 pistilli.
573 1473 814 1520 Vltimum
850 1474 1057 1532 denique
1083 1508 1098 1532 ,
1143 1475 1347 1523 odlauum

68 1568 217 1620 genus
245 1568 384 1604 carex
411 1553 574 1612 audit,
628 1551 762 1599 cuius
795 1552 1007 1613 plurimae
1043 1551 1216 1603 dantur
1246 1553 1345 1616 spe-

68 1640 163 1687 cies
185 1675 201 1701 ‚
246 1636 280 1684 s1
313 1649 415 1684 non
452 1635 714 1697 palustreS,
764 1643 926 1684 tamen
966 1648 1176 1686 amantes
1209 1647 1345 1701 prata

65 1718 285 1779 humida,
319 1718 386 1765 ita
413 1717 596 1777 prostat
626 1730 765 1766 carex
789 1716 924 1783 nigra
950 1733 1092 1767 verna
1118 1716 1343 1790 vulgaris,

65 1800 308 1867 pertinent.
338 1799 480 1846 etiam
513 1795 609 1844 huc
639 1796 842 1858 plurima
873 1797 1115 1859 gramina,
1151 1799 1344 1866 cyperoi-

66 1881 141 1933 des
169 1878 524 1937 Toumefortio
553 1876 698 1937 dieta,
733 1877 946 1937 tenacia,
982 1875 1147 1938 firma,
1183 1882 1342 1939 quoad

69 1963 197 2012 suam
234 1974 525 2025 compagem.
591 1957 746 2006 Abest
779 1958 826 2006 &
856 1957 934 2004 hic
967 1964 1063 2005 tam
1101 1958 1226 2008 circa
1255 1961 1343 2011 flo-

67 2056 147 2091 res
185 2040 453 2101 masculOS,
500 2054 641 2101 quam
686 2039 810 2087 circa
851 2036 1088 2086 femineos
1130 2043 1341 2105 corolla,

75 2122 361 2184 quandoque
394 2128 578 2180 autem,
617 2121 730 2168 &in
753 2120 1033 2180 quibusdam
1056 2122 1218 2171 caricis
1246 2124 1345 2187 spe-

76 2203 238 2252 ciebus
260 2237 276 2262 ,
311 2209 371 2249 vt
394 2208 505 2249 ante
538 2198 620 2249 sub
649 2199 835 2249 initium
862 2199 1067 2249 historiae
1091 2202 1231 2250 huius
1265 2218 1343 2255 or-

70 2284 191 2334 dinis
221 2289 443 2330 notatum
470 2280 596 2343 fuit,
641 2277 883 2327 obseruari
924 2278 1045 2328 solet
1072 2295 1191 2331 vera
1221 2285 1345 2338 Βίαν.

72 2363 143 2414 cia
163 2397 180 2424 ,
215 2360 432 2410 femineis
470 2359 670 2406 floribus
710 2360 759 2409 in
799 2357 1010 2408 disti118ta
1037 2361 1228 2425 planta,
1263 2371 1346 2424 vel

72 2441 197 2506 spica
221 2440 393 2489 obuiis.
463 2437 664 2486 Masculi
695 2440 838 2486 flores
858 2476 874 2502 ,
912 2440 957 2487 &
986 2439 1181 2497 feminei
1210 2452 1344 2495 vtro-

74 2522 218 2585 bique
245 2521 294 2568 in
327 2517 499 2580 spicam
529 2517 693 2582 digesti
723 2517 855 2579 sunt,
891 2519 939 2566 in
976 2534 1068 2580 qua
1099 2517 1208 2568 sunt
1242 2522 1348 2570 cali-

75 2613 189 2651 ces:
241 2608 428 2652 amenta
461 2599 672 2663 oblonga
692 2633 710 2659 ‚
763 2599 1010 2655 imbricata
1031 2634 1049 2669 ,
1086 2602 1349 2670 compofita

656 2677 719 2730 M
1316 2692 1344 2735 θ
