2912 4368
654 950 1263 1011 AMENTACEAE.
1520 973 1591 1032 91

322 1078 553 1138 integram
585 1086 673 1132 pro
705 1075 908 1119 naturali
940 1073 1041 1121 sati-s
1070 1075 1305 1138 agnoscet.
1411 1079 1592 1129 Omnes

322 1156 423 1202 sere
459 1152 598 1201 classis
637 1152 776 1198 huius
815 1154 987 1213 plantze
1020 1155 1174 1215 primo
1213 1157 1345 1203 Vere
1390 1157 1595 1223 florent,

323 1236 430 1294 quia
463 1246 613 1279 mares
650 1242 857 1278 remotas
898 1248 923 1278 a
963 1232 1006 1279 se
1052 1234 1249 1283 feminas
1290 1238 1596 1287 excrescenti-

325 1314 411 1360 bus
453 1312 579 1362 foliis
611 1312 883 1359 foecundare
913 1314 996 1360 vix
1028 1314 1215 1374 possent
1236 1352 1250 1376 ‚
1293 1315 1455 1365 saltem
1482 1321 1596 1366 libe-⁵

316 1394 414 1440 rior
437 1394 627 1454 pollinis
664 1392 903 1439 masculini
943 1393 998 1439 ad
1032 1394 1230 1442 feminas
1270 1399 1474 1447 accessus
1517 1402 1599 1449 im-

318 1473 588 1532 pediretur,
626 1473 755 1518 vnde
792 1472 1056 1533 intelligere
1092 1472 1242 1533 licet.>
1279 1477 1358 1534 qui
1388 1477 1504 1539 fiat,
1542 1487 1599 1524 vt

320 1550 461 1596 classis
496 1550 596 1595 haec
630 1548 710 1595 sub
742 1547 785 1594 se
827 1549 1201 1609 comprehendat
1243 1553 1437 1601 arbores
1476 1555 1595 1601 flore

319 1644 345 1675 a
381 1628 535 1675 fruffio
581 1638 772 1674 remoto
799 1662 814 1687 .,
854 1642 969 1688 quas
1007 1630 1219 1676 vocabat
1255 1631 1303 1678 in
1340 1632 1423 1680 suo
1457 1633 1597 1695 syste-

318 1720 444 1758 mate
476 1709 621 1755 Raius
643 1744 657 1767 ,
694 1708 775 1753 vel
806 1710 999 1755 arbores
1034 1709 1079 1755 ἅ
1108 1709 1306 1757 frutices
1342 1712 1463 1760 flore
1492 1729 1598 1776 ape-

316 1790 414 1837 talo
450 1790 497 1835 in
531 1802 660 1835 mare
683 1825 697 1847 ,
736 1787 894 1834 fruEm
927 1789 974 1834 in
1014 1788 1192 1836 femina
1225 1805 1325 1836 non
1356 1791 1595 1854 florifera,

317 1880 376 1918 vt
398 1887 498 1919 rem
526 1869 745 1931 expressit
763 1869 1038 1916 Boerhauius
1054 1904 1070 1928 a
1106 1879 1312 1930 Vterque
1336 1868 1512 1917 scilicet
1535 1874 1599 1919 in-

318 1951 513 2012 signium
534 1949 708 1996 horum
730 1948 1076 1994 Botanicorum
1100 1949 1331 2008 ponebat,
1368 1963 1459 1997 nec
1478 1949 1597 1997 adeo

317 2030 466 2088 male,
503 2027 632 2073 floris
661 2025 900 2073 essentiam
924 2025 971 2070 in
995 2023 1286 2072 staminibus,

421 2136 613 2189 Ordines
649 2137 790 2185 classis
827 2138 930 2184 haec
971 2139 1156 2185 nonnisi
1190 2137 1295 2188 duos
1326 2141 1407 2188 stlb
1443 2141 1487 2189 se
1520 2144 1599 2192 ha-

321 2220 430 2278 bet,
469 2231 674 2278 quorum
698 2216 987 2264 essentialem
1012 2216 1328 2265 cMracfferem
1346 2255 1361 2278 ,
1402 2218 1447 2265 &
1469 2220 1599 2269 diffe-

318 2302 523 2351 rentiam
554 2296 758 2343 fundant
777 2295 1041 2356 filamenta,
1086 2297 1233 2342 modo
1265 2296 1467 2359 distinam
1489 2334 1503 2359 ‚
1554 2301 1599 2347 &

324 2396 351 2430 a
383 2380 427 2429 se
458 2378 665 2427 inuicem
696 2374 931 2438 separata,
969 2375 1116 2423 modo
1150 2387 1357 2427 connata.

651 2560 829 2620 Claffis
869 2562 960 2619 IV.
1039 2561 1169 2620 Ord.
1218 2577 1262 2619 1.

342 2703 930 2768 AMEJNTACEAE
1006 2701 1578 2760 FILAMENTIS

676 2792 1229 2851 DISTINCTIS.
1365 2801 1391 2812 '³

422 2930 545 2978 Cum
587 2931 862 2980 obseruaret
907 2933 1087 2981 Clariss.
1130 2931 1317 2981 Αιῑὸὶοι·
1342 2969 1357 2994 ‚
1415 2933 1599 2980 notabi-
1627 2947 1863 3004 Explicatio

320 3016 414 3061 lem
455 3020 750 3058 amentaceas
776 3046 790 3070 7
849 3009 893 3054 &
930 3014 1215 3072 praecipuam
1255 3012 1377 3059 hanc
1423 3011 1600 3059 Offerre
1630 3003 1767 3097 gladffis
1796 3002 1876 3046 IV.

321 3092 677 3150 differentiam,
731 3091 861 3150 quod
900 3092 1007 3139 alibi
1048 3091 1259 3139 distinffca
1302 3091 1347 3137 &
1390 3089 1598 3153 separata
1628 3071 1829 3151 Ainenlsa-

323 3172 472 3222 essent
505 3171 746 3220 filamenta
780 3172 966 3231 omnia,
1005 3171 1049 3217 &
1083 3171 1191 3218 alibi
1219 3184 1337 3218 vere
1364 3179 1596 3230 connata,
1627 3176 1704 3203 02ae
1723 3162 1808 3223 fija-

321 3266 422 3300 non
452 3249 692 3297 immerito
726 3248 917 3312 dignum
944 3249 1172 3296 iudicauit
1204 3249 1445 3299 criterium
1476 3248 1597 3309 hoc,
1628 3224 1832 3311 ffiffi'rtffgsfis·

327 3328 456 3391 quod
485 3327 848 3375 fundamentum
878 3337 1111 3389 poneret,
1150 3338 1312 3389 aptum
1338 3326 1598 3374 condendis

323 3407 434 3453 inde
469 3406 714 3455 ordinibus
738 3441 753 3468 ,
805 3406 851 3456 &
887 3406 1001 3454 scite
1041 3406 1233 3469 quidem
1272 3407 1339 3456 ita
1379 3405 1519 3455 claffis
1554 3407 1602 3452 in

910 3486 973 3535 M
1010 3503 1036 3536 2
1478 3482 1599 3529 duos
