1881 3137
404 162 1012 227 AMENTACEAE.
1273 177 1348 235 99

63 298 160 344 duo
192 294 432 344 filamenta
461 287 716 336 obseruare
751 276 865 333 licet
887 320 903 345 ,
939 290 1127 330 amenta
1158 282 1341 328 vtrobi-

66 391 160 438 que
192 387 277 435 per
307 378 567 429 Vtrumque
602 368 763 415 sexum
793 366 1003 426 oblonga
1029 360 1134 409 sunt
1156 396 1172 420 a
1207 361 1343 407 vndi-

71 471 164 520 que
195 452 465 509 imbricata,
505 450 789 513 (inuolucro
820 461 845 494 e
878 458 1061 508 gemma
1084 440 1340 504 instructo)

68 532 333 580 constantia
376 528 576 591 squamis
619 528 837 576 vnifioris
864 561 879 585 ‚
934 538 1105 571 verum
1153 530 1343 570 amenta

64 609 317 662 masculina
347 607 604 657 nectarium
634 608 844 664 habent,
883 602 1013 665 quod
1037 601 1103 648 est
1123 601 1343 663 glandula

65 689 365 751 cylindracea
395 722 412 748 ‚
448 687 672 748 minima,
707 691 958 741 truncata,
993 682 1257 743 mellifera,
1292 685 1342 730 in

66 777 235 815 centro
266 767 413 814 floris.
494 763 814 824 Pericarpium
852 759 919 807 est
956 757 1132 824 capfitla
1171 769 1341 805 ouato-

64 849 279 897 subulata
300 879 316 909 ,
355 849 404 895 in
438 861 530 909 qua
564 844 669 893 sunt
704 842 877 892 semina
909 840 1193 903 numerosa,
1232 855 1345 888 oua-

68 938 146 990 εει,
181 930 398 990 minima,
437 937 668 976 coronata
690 942 850 990 pappo
872 927 1090 989 simplici,
1125 925 1321 974 hirsuto,

399 1079 578 1138 Claffis
619 1079 710 1136 IV.
787 1077 919 1136 Ord.
963 1096 1011 1135 2.

66 1199 663 1260 AMENTACEAE
739 1197 1312 1257 FILAMENTIS

455 1288 940 1349 CONNATIS.

163 1430 285 1479 Non
315 1432 450 1478 aliter
482 1430 663 1477 claffico
689 1428 735 1476 se
769 1428 1036 1476 charactere
1058 1428 1348 1491 distinguunt
1380 1423 1615 1492 ῙξΧΡῐῐῢᾶῒῑῠ

70 1513 210 1561 huius
241 1512 419 1559 ordinis
450 1520 713 1558 amentaceae
735 1508 978 1568 filamentis
1002 1510 1226 1568 connatis,
1263 1511 1346 1558 nisi
1377 1479 1628 1574 {SfflFJIV‘

75 1593 234 1656 quod,
267 1602 415 1654 prout
448 1590 689 1653 inscriptio
721 1591 964 1651 loquitur,
1000 1589 1242 1638 filamenta
1273 1607 1350 1639 ex·
1379 1583 1585 1661 amenta.

71 1675 269 1723 hibeant
310 1673 436 1719 inter
470 1672 514 1720 se
557 1681 798 1731 connata,
852 1686 996 1732 quare
1039 1686 1147 1719 cum
1181 1686 1346 1721 omncs
1376 1638 1574 1732 ffisstffla‘

70 1763 301 1817 praeterea
332 1754 413 1800 vel
448 1753 694 1800 monoeciae
724 1752 842 1813 fint,
879 1753 961 1810 ycl
993 1754 1199 1813 dioeciae,
1239 1755 1348 1804 Lin-
1381 1746 1581 1789 “omnis-

71 1849 201 1883 naeus
240 1833 421 1882 locauit
464 1831 645 1893 semper
680 1831 762 1880 sub
801 1832 937 1880 classe
976 1835 1343 1895 monoeciarum‚

76 1920 158 1958 aut
191 1911 462 1959 dioeciarum
491 1910 948 1972 monadelphiarum.
1021 1909 1088 1957 Et
1115 1911 1345 1958 habemus

78 1992 218 2038 etiam
265 1992 344 2039 hic
395 1992 588 2039 arbores
618 2026 634 2051 ‚
699 1991 994 2052 fruticesque
1015 2025 1031 2051 ,
1094 2005 1215 2052 quos
1267 2001 1348 2040 aut

78 2074 245 2136 sponte
290 2072 534 2120 nascentes
582 2072 744 2121 nostra
789 2072 1045 2119 Germania
1084 2073 1165 2120 alit
1192 2109 1208 2134 ,
1266 2083 1348 2121 aut

81 2168 210 2206 certe
240 2159 287 2205 in
315 2156 466 2203 hortis
502 2156 658 2202 cultos
693 2155 831 2202 facile
860 2154 1026 2213 fouet,
1062 2156 1348 2214 toleratque.

81 2241 239 2305 Quam
265 2233 517 2301 Ephedram
545 2236 698 2295 primo
731 2234 948 2280 nominat
977 2233 1189 2294 Auctor,
1227 2235 1351 2295 apud

77 2333 168 2367 nos
203 2317 351 2364 rarius
388 2315 558 2362 videre
586 2314 726 2375 licet,
763 2314 830 2362 est
866 2306 1066 2372 dioecia3
1107 2315 1184 2362 sed
1211 2315 1350 2362 facile

79 2397 290 2454 colitur,
339 2403 453 2440 Vtut
495 2390 740 2440 sollicitam
782 2392 1034 2454 expectans
1078 2393 1348 2454 culturam,

78 2476 352 2540 exemplum
390 2474 529 2520 huius
569 2474 781 2535 ordinis,
833 2475 879 2521 in
919 2474 1092 2537 Anglia
1128 2474 1350 2522 laetiffime

83 2555 140 2603 ad
162 2553 383 2601 summam
407 2553 680 2600 excrescens
702 2556 1041 2614 proceritatem
1073 2554 1223 2601 Taxus
1253 2553 1347 2618 est,

82 2633 226 2682 calice
248 2666 265 2693 ‚
312 2630 589 2692 coi-ollaque
623 2647 785 2680 carens
806 2670 822 2696 ,
867 2631 950 2681 nifi
981 2645 1070 2694 pro
1105 2632 1249 2680 calice
1282 2631 1349 2678 su-

671 2712 722 2760 N
759 2727 784 2760 2
1250 2723 1348 2761 mas
