1881 3137
469 138 576 212 146
868 128 1220 190 CLAssm
1268 127 1336 186 x.

462 261 674 322 plantas,
714 271 844 318 quae,
881 256 995 302 licet
1029 251 1188 314 paffim
1217 254 1274 301 ad
1302 249 1501 302 modum
1534 250 1752 299 vmbelli-

462 340 674 388 ferarum
714 339 771 385 ab
805 345 1022 383 extremo
1059 334 1193 380 caule
1227 333 1497 395 proiectOS,
1543 330 1756 380 diffusos-

469 433 562 480 que
593 419 737 467 flores
768 416 1032 473 haberent,
1071 426 1153 460 cos
1178 421 1340 460 tamen
1365 412 1660 473 inaequaliter
1683 408 1759 456 ad-

468 500 665 548 modum
712 505 884 543 contra
928 507 1116 542 morem
1160 494 1531 543 vmbellatarum
1566 505 1760 540 omnem

467 580 778 635 emitterent,
816 583 873 621 vt
902 575 1019 622 nihil
1045 575 1197 622 dicam
1232 575 1290 622 de
1321 572 1602 634 quibusdam
1621 584 1761 633 gene-

469 661 631 717 ribus,
669 657 781 704 huic
816 654 974 702 ordini
1008 652 1252 714 subiectis,
1286 657 1334 701 in
1366 651 1536 714 quibus
1565 651 1650 696 vel
1673 647 1760 694 flo-

470 737 587 786 sculi
615 749 782 783 omnes
830 735 881 782 in
918 734 1182 795 capitulum
1214 733 1400 780 coneffi
1436 732 1570 792 sunt,
1598 720 1680 776 ⁷vt
1709 730 1762 778 in

475 817 817 880 Sanguisorba,
865 816 1095 879 Poterio,
1153 815 1198 863 &
1229 814 1460 877 Lobelia,
1514 815 1597 861 vel
1644 825 1762 861 vere

471 900 658 964 sparsim
677 916 763 962 per
785 914 979 948 omnem
1001 900 1145 949 caulis
1168 900 1517 962 longitudinem
1550 896 1763 945 adsident

471 981 672 1043 plantae,
710 980 834 1026 Vtin
855 979 1127 1041 agrimonia.
1196 977 1443 1026 Habemus
1476 991 1536 1024 ex
1561 977 1657 1024 hoc
1687 990 1762 1023 or-

475 1060 583 1106 dine
617 1060 772 1120 aliqua
801 1071 1001 1120 genera,
1042 1071 1241 1118 quarum
1262 1055 1440 1119 species
1473 1057 1518 1103 &
1538 1057 1762 1118 frequen-

472 1147 547 1184 ter
566 1153 652 1198 per
677 1130 983 1185 Germaniam
1012 1135 1183 1197 sponte
1216 1135 1457 1198 crescunt,
1497 1136 1542 1182 &
1569 1135 1658 1183 vsu
1685 1149 1763 1182 cu-

474 1218 639 1279 linari,
677 1232 730 1265 ac
759 1217 1062 1264 oeconomico
1097 1216 1267 1264 crebro
1303 1216 1523 1264 veniunt.
1592 1213 1763 1262 Nomi-

472 1316 588 1350 nare
619 1301 762 1348 liceat
801 1315 860 1348 ex
895 1301 966 1349 his
996 1299 1237 1360 praecipue
1275 1294 1581 1356 valerianam,
1630 1294 1764 1342 cuius

476 1380 619 1427 variae
651 1378 828 1440 species
861 1379 907 1426 &
937 1377 1107 1440 sponte
1152 1376 1369 1425 crescunt
1391 1411 1406 1437 ,
1454 1376 1499 1422 &
1527 1376 1576 1422 in
1608 1373 1761 1422 hortis

478 1456 731 1515 coluntur,
779 1455 1011 1503 habemus
1054 1455 1165 1502 inde
1197 1449 1390 1502 radicem
1417 1455 1603 1503 viribus
1635 1466 1766 1502 ante-

472 1533 740 1596 pilepticis,
787 1531 833 1581 &
880 1533 1249 1582 anthelminticis
1295 1532 1561 1593 celebrem,
1605 1532 1672 1581 est
1709 1534 1770 1582 al-

475 1626 580 1664 tera
612 1614 821 1678 specieS,
858 1616 989 1665 vnde
1025 1616 1159 1664 radix
1193 1615 1464 1677 colligitur,
1499 1610 1637 1675 Pha,
1673 1614 1771 1663 flue

479 1691 714 1744 valeriana
753 1693 973 1743 siluestris
1015 1696 1184 1754 maior,
1236 1695 1453 1756 singulari
1495 1694 1671 1741 fe‘riens
1702 1692 1769 1741 in-

477 1783 613 1839 grato
643 1789 780 1822 nares
810 1774 990 1835 odore,
1042 1788 1186 1835 quem
1225 1774 1400 1822 felibus
1428 1773 1551 1820 adeo
1581 1782 1767 1834 gratum

480 1854 572 1902 ess'e
605 1854 859 1913 nouimUS,
910 1855 1060 1902 altera
1088 1851 1266 1913 species
1299 1851 1368 1900 est
1406 1849 1651 1902 Valeriana
1688 1866 1766 1912 pa-

479 1935 635 1983 lustris
665 1936 840 1995 minor,
876 1934 956 1986 sed
988 1934 1056 1982 est
1086 1935 1228 1983 etiam
1257 1936 1372 1997 alia,
1409 1933 1653 1994 frequenti
1679 1935 1767 1982 Vsu

481 2015 680 2070 culinari
718 2014 921 2062 veniens
963 2015 1014 2062 in
1044 2014 1259 2062 acetariis
1292 2015 1497 2062 maxime
1525 2012 1764 2073 hiberniS,

482 2111 587 2158 quae
612 2095 871 2143 Valeriana
909 2095 1141 2156 aruenfis,
1186 2108 1410 2157 praecox,
1444 2091 1664 2153 humilis,
1702 2090 1766 2140 se-

481 2177 610 2224 mine
642 2174 908 2236 compress'o
950 2175 1242 2236 appellatur,
1286 2174 1551 2221 Veteribus
1580 2171 1767 2239 Locusta

481 2256 628 2316 dicta,
663 2254 746 2302 Vel
774 2256 941 2321 agnina
969 2254 1166 2313 laHuca,
1202 2256 1316 2303 licet
1334 2269 1447 2302 cum
1475 2254 1603 2301 veris
1625 2253 1768 2303 lactu·

480 2337 550 2389 cis
586 2336 702 2384 nihil
739 2336 998 2399 quidquam
1034 2335 1269 2384 affini-tatis
1302 2338 1491 2384 habeat.
1574 2336 1705 2383 Dein
1736 2349 1768 2381 e

479 2418 686 2480 cognitis
718 2417 1002 2478 fruticibus,
1048 2416 1092 2464 &
1134 2416 1302 2479 sponte
1344 2432 1430 2480 per
1460 2416 1768 2466 Germaniam

483 2498 833 2560 crescentibus,
889 2498 935 2546 &
967 2499 1016 2546 in
1064 2497 1217 2545 hortis
1259 2500 1323 2546 ob
1365 2498 1561 2562 gratiam
1603 2497 1766 2548 odoris

483 2580 629 2628 cultis·
663 2579 760 2627 huc
781 2575 1044 2641 ,praesertim
1075 2575 1311 2636 pertinet:
1356 2577 1604 2635 Lonicera,
1637 2576 1768 2629 Per-i-

1525 2654 1766 2723 clymenum
