<?xml version="1.0" encoding="UTF-8"?>
<!DOCTYPE html PUBLIC "-//W3C//DTD XHTML 1.0 Transitional//EN"
    "http://www.w3.org/TR/xhtml1/DTD/xhtml1-transitional.dtd">
<html xmlns="http://www.w3.org/1999/xhtml" xml:lang="en" lang="en">
 <head>
  <title>
</title>
<meta http-equiv="Content-Type" content="text/html;charset=utf-8" />
  <meta name='ocr-system' content='tesseract 3.04.00' />
  <meta name='ocr-capabilities' content='ocr_page ocr_carea ocr_par ocr_line ocrx_word'/>
</head>
<body>
  <div class='ocr_page' id='page_1' title='image "./philfridgmelinot00gmel_0014.png"; bbox 0 0 1881 3137; ppageno 0'>
   <div class='ocr_carea' id='block_1_1' title="bbox 271 130 1219 191">
    <p class='ocr_par' dir='ltr' id='par_1_1' title="bbox 271 130 1219 191">
     <span class='ocr_line' id='line_1_1' title="bbox 271 130 1219 191; baseline -0.004 0"><span class='ocrx_word' id='word_1_1' title='bbox 271 151 308 191; x_wconf 85' lang='lat'>2</span> <span class='ocrx_word' id='word_1_2' title='bbox 743 130 1219 190; x_wconf 85' lang='lat' dir='ltr'><strong>PROLOGVS.</strong></span> 
     </span>
    </p>
   </div>
   <div class='ocr_carea' id='block_1_2' title="bbox 265 250 1705 2613">
    <p class='ocr_par' dir='ltr' id='par_1_2' title="bbox 265 250 1705 2613">
     <span class='ocr_line' id='line_1_2' title="bbox 273 250 1705 333; baseline 0.001 -23"><span class='ocrx_word' id='word_1_3' title='bbox 273 252 591 328; x_wconf 78' lang='lat' dir='ltr'>asperiorem</span> <span class='ocrx_word' id='word_1_4' title='bbox 622 251 781 326; x_wconf 89' lang='lat' dir='ltr'>paulo</span> <span class='ocrx_word' id='word_1_5' title='bbox 811 253 945 310; x_wconf 88' lang='lat' dir='ltr'>hane</span> <span class='ocrx_word' id='word_1_6' title='bbox 979 250 1078 309; x_wconf 81' lang='lat' dir='ltr'>effe</span> <span class='ocrx_word' id='word_1_7' title='bbox 1112 254 1279 326; x_wconf 85' lang='lat' dir='ltr'>viam3</span> <span class='ocrx_word' id='word_1_8' title='bbox 1340 270 1534 312; x_wconf 86' lang='lat' dir='ltr'>verum</span> <span class='ocrx_word' id='word_1_9' title='bbox 1556 288 1572 318; x_wconf 80' lang='lat'>‚</span> <span class='ocrx_word' id='word_1_10' title='bbox 1611 262 1705 333; x_wconf 83' lang='lat' dir='ltr'>qui</span> 
     </span>
     <span class='ocr_line' id='line_1_3' title="bbox 272 341 1705 418; baseline 0.004 -17"><span class='ocrx_word' id='word_1_11' title='bbox 272 344 425 401; x_wconf 80' lang='lat' dir='ltr'>simul</span> <span class='ocrx_word' id='word_1_12' title='bbox 456 341 674 418; x_wconf 82' lang='lat' dir='ltr'>penfitat</span> <span class='ocrx_word' id='word_1_13' title='bbox 696 344 1091 401; x_wconf 73' lang='lat' dir='ltr'>multitudinem</span> <span class='ocrx_word' id='word_1_14' title='bbox 1113 346 1365 402; x_wconf 83' lang='lat' dir='ltr'>infinitam</span> <span class='ocrx_word' id='word_1_15' title='bbox 1389 349 1537 404; x_wconf 88' lang='lat' dir='ltr'>istam</span> <span class='ocrx_word' id='word_1_16' title='bbox 1566 366 1705 408; x_wconf 88' lang='lat' dir='ltr'>crea-</span> 
     </span>
     <span class='ocr_line' id='line_1_4' title="bbox 275 437 1705 509; baseline 0.003 -17"><span class='ocrx_word' id='word_1_17' title='bbox 275 451 515 493; x_wconf 87' lang='lat' dir='ltr'>turarum</span> <span class='ocrx_word' id='word_1_18' title='bbox 537 471 553 500; x_wconf 84' lang='grc'>,</span> <span class='ocrx_word' id='word_1_19' title='bbox 597 452 827 509; x_wconf 83' lang='lat' dir='ltr'>quarum</span> <span class='ocrx_word' id='word_1_20' title='bbox 849 437 1091 493; x_wconf 84' lang='lat' dir='ltr'>venustas</span> <span class='ocrx_word' id='word_1_21' title='bbox 1112 456 1221 494; x_wconf 91' lang='lat' dir='ltr'>non</span> <span class='ocrx_word' id='word_1_22' title='bbox 1246 440 1421 496; x_wconf 88' lang='lat' dir='ltr'>minus</span> <span class='ocrx_word' id='word_1_23' title='bbox 1440 475 1455 503; x_wconf 86' lang='lat'><strong><em>,</em></strong></span> <span class='ocrx_word' id='word_1_24' title='bbox 1495 459 1552 498; x_wconf 89' lang='lat' dir='ltr'>ac</span> <span class='ocrx_word' id='word_1_25' title='bbox 1575 438 1705 498; x_wconf 81' lang='lat' dir='ltr'>vrili-</span> 
     </span>
     <span class='ocr_line' id='line_1_5' title="bbox 274 526 1705 605; baseline 0.003 -22"><span class='ocrx_word' id='word_1_26' title='bbox 274 541 350 583; x_wconf 87' lang='lat' dir='ltr'>tas</span> <span class='ocrx_word' id='word_1_27' title='bbox 396 544 672 602; x_wconf 82' lang='lat' dir='ltr'>quemque</span> <span class='ocrx_word' id='word_1_28' title='bbox 713 542 823 582; x_wconf 90' lang='lat' dir='ltr'>non</span> <span class='ocrx_word' id='word_1_29' title='bbox 862 526 1138 602; x_wconf 87' lang='lat' dir='ltr'>profundo</span> <span class='ocrx_word' id='word_1_30' title='bbox 1171 529 1437 605; x_wconf 68' lang='lat' dir='ltr'>sepultum</span> <span class='ocrx_word' id='word_1_31' title='bbox 1489 530 1705 596; x_wconf 85' lang='lat' dir='ltr'>somno,</span> 
     </span>
     <span class='ocr_line' id='line_1_6' title="bbox 272 619 1704 696; baseline 0.003 -22"><span class='ocrx_word' id='word_1_32' title='bbox 272 620 532 692; x_wconf 80' lang='lat' dir='ltr'>apertisue</span> <span class='ocrx_word' id='word_1_33' title='bbox 572 620 940 676; x_wconf 71' lang='lat' dir='ltr'>caecutientem</span> <span class='ocrx_word' id='word_1_34' title='bbox 977 619 1139 677; x_wconf 88' lang='lat' dir='ltr'>oculis</span> <span class='ocrx_word' id='word_1_35' title='bbox 1176 621 1238 679; x_wconf 88' lang='lat' dir='ltr'>ad</span> <span class='ocrx_word' id='word_1_36' title='bbox 1273 621 1704 696; x_wconf 80' lang='lat' dir='ltr'>cognoscendum</span> 
     </span>
     <span class='ocr_line' id='line_1_7' title="bbox 270 707 1699 786; baseline 0.003 -21"><span class='ocrx_word' id='word_1_37' title='bbox 270 709 444 773; x_wconf 81' lang='lat' dir='ltr'>allicit,</span> <span class='ocrx_word' id='word_1_38' title='bbox 478 724 864 774; x_wconf 83' lang='lat' dir='ltr'>creaturarum,</span> <span class='ocrx_word' id='word_1_39' title='bbox 891 707 1136 784; x_wconf 80' lang='lat' dir='ltr'>inquam,</span> <span class='ocrx_word' id='word_1_40' title='bbox 1164 711 1357 785; x_wconf 88' lang='lat' dir='ltr'>quibus</span> <span class='ocrx_word' id='word_1_41' title='bbox 1381 710 1699 786; x_wconf 86' lang='lat' dir='ltr'>perlustran-</span> 
     </span>
     <span class='ocr_line' id='line_1_8' title="bbox 269 801 1699 878; baseline 0 -19"><span class='ocrx_word' id='word_1_42' title='bbox 269 802 374 869; x_wconf 85' lang='lat' dir='ltr'>dis,</span> <span class='ocrx_word' id='word_1_43' title='bbox 416 806 477 862; x_wconf 72' lang='grc' dir='ltr'>ὃ(</span> <span class='ocrx_word' id='word_1_44' title='bbox 501 801 564 858; x_wconf 90' lang='lat' dir='ltr'>ad</span> <span class='ocrx_word' id='word_1_45' title='bbox 589 803 768 858; x_wconf 87' lang='lat' dir='ltr'>intima</span> <span class='ocrx_word' id='word_1_46' title='bbox 802 801 1134 876; x_wconf 75' lang='lat' dir='ltr'>explorandis</span> <span class='ocrx_word' id='word_1_47' title='bbox 1164 820 1332 878; x_wconf 83' lang='lat' dir='ltr'>Vsque</span> <span class='ocrx_word' id='word_1_48' title='bbox 1365 801 1594 860; x_wconf 86' lang='lat' dir='ltr'>Historia</span> <span class='ocrx_word' id='word_1_49' title='bbox 1625 806 1699 859; x_wconf 87' lang='lat' dir='ltr'>in-</span> 
     </span>
     <span class='ocr_line' id='line_1_9' title="bbox 270 887 1698 966; baseline 0.003 -20"><span class='ocrx_word' id='word_1_50' title='bbox 270 887 415 947; x_wconf 81' lang='lat' dir='ltr'>sudat</span> <span class='ocrx_word' id='word_1_51' title='bbox 448 891 739 955; x_wconf 83' lang='lat' dir='ltr'>Naturalis,</span> <span class='ocrx_word' id='word_1_52' title='bbox 784 907 864 947; x_wconf 83' lang='lat' dir='ltr'>nae</span> <span class='ocrx_word' id='word_1_53' title='bbox 897 894 936 948; x_wconf 89' lang='lat' dir='ltr'>is</span> <span class='ocrx_word' id='word_1_54' title='bbox 969 892 1288 950; x_wconf 86' lang='lat' dir='ltr'>methodum</span> <span class='ocrx_word' id='word_1_55' title='bbox 1324 892 1698 966; x_wconf 85' lang='lat' dir='ltr'>systematicam</span> 
     </span>
     <span class='ocr_line' id='line_1_10' title="bbox 272 980 1699 1056; baseline 0 -20"><span class='ocrx_word' id='word_1_56' title='bbox 272 980 389 1038; x_wconf 87' lang='lat' dir='ltr'>heic</span> <span class='ocrx_word' id='word_1_57' title='bbox 412 997 523 1039; x_wconf 89' lang='lat' dir='ltr'>non</span> <span class='ocrx_word' id='word_1_58' title='bbox 552 982 753 1056; x_wconf 88' lang='lat' dir='ltr'>optabit</span> <span class='ocrx_word' id='word_1_59' title='bbox 775 980 942 1040; x_wconf 91' lang='lat' dir='ltr'>modo</span> <span class='ocrx_word' id='word_1_60' title='bbox 964 1017 980 1046; x_wconf 85' lang='lat'>,</span> <span class='ocrx_word' id='word_1_61' title='bbox 1028 980 1114 1040; x_wconf 89' lang='lat' dir='ltr'>sed</span> <span class='ocrx_word' id='word_1_62' title='bbox 1141 987 1203 1044; x_wconf 66' lang='grc' dir='ltr'>ὃς</span> <span class='ocrx_word' id='word_1_63' title='bbox 1227 984 1456 1039; x_wconf 80' lang='lat' dir='ltr'>maxime</span> <span class='ocrx_word' id='word_1_64' title='bbox 1478 980 1699 1038; x_wconf 72' lang='lat' dir='ltr'>necesia·</span> 
     </span>
     <span class='ocr_line' id='line_1_11' title="bbox 273 1067 1699 1149; baseline 0.001 -23"><span class='ocrx_word' id='word_1_65' title='bbox 273 1073 404 1128; x_wconf 89' lang='lat' dir='ltr'>riam</span> <span class='ocrx_word' id='word_1_66' title='bbox 428 1073 528 1130; x_wconf 83' lang='lat' dir='ltr'>effe</span> <span class='ocrx_word' id='word_1_67' title='bbox 559 1071 763 1148; x_wconf 91' lang='lat' dir='ltr'>oppido</span> <span class='ocrx_word' id='word_1_68' title='bbox 795 1071 1040 1130; x_wconf 83' lang='lat' dir='ltr'>iudicabit</span> <span class='ocrx_word' id='word_1_69' title='bbox 1061 1108 1077 1138; x_wconf 85' lang='lat'><strong><em>,</em></strong></span> <span class='ocrx_word' id='word_1_70' title='bbox 1115 1072 1384 1149; x_wconf 89' lang='lat' dir='ltr'>talemque</span> <span class='ocrx_word' id='word_1_71' title='bbox 1411 1071 1554 1130; x_wconf 86' lang='lat' dir='ltr'>vltro</span> <span class='ocrx_word' id='word_1_72' title='bbox 1575 1067 1699 1128; x_wconf 88' lang='lat' dir='ltr'>fate·</span> 
     </span>
     <span class='ocr_line' id='line_1_12' title="bbox 274 1161 1698 1240; baseline 0.001 -22"><span class='ocrx_word' id='word_1_73' title='bbox 274 1162 443 1238; x_wconf 84' lang='lat' dir='ltr'>bitur3</span> <span class='ocrx_word' id='word_1_74' title='bbox 484 1165 756 1240; x_wconf 72' lang='lat' dir='ltr'>quodnam</span> <span class='ocrx_word' id='word_1_75' title='bbox 788 1165 929 1221; x_wconf 86' lang='lat' dir='ltr'>enim</span> <span class='ocrx_word' id='word_1_76' title='bbox 951 1181 1048 1222; x_wconf 89' lang='lat' dir='ltr'>nos</span> <span class='ocrx_word' id='word_1_77' title='bbox 1073 1184 1136 1222; x_wconf 77' lang='lat' dir='ltr'>ex</span> <span class='ocrx_word' id='word_1_78' title='bbox 1160 1164 1265 1223; x_wconf 81' lang='lat' dir='ltr'>hoe</span> <span class='ocrx_word' id='word_1_79' title='bbox 1286 1164 1439 1224; x_wconf 89' lang='lat' dir='ltr'>solius</span> <span class='ocrx_word' id='word_1_80' title='bbox 1462 1161 1698 1221; x_wconf 83' lang='lat' dir='ltr'>multitu-</span> 
     </span>
     <span class='ocr_line' id='line_1_13' title="bbox 272 1252 1696 1332; baseline 0.006 -22"><span class='ocrx_word' id='word_1_81' title='bbox 272 1255 402 1311; x_wconf 85' lang='lat' dir='ltr'>dinis</span> <span class='ocrx_word' id='word_1_82' title='bbox 440 1255 741 1332; x_wconf 77' lang='lat' dir='ltr'>labyrintho</span> <span class='ocrx_word' id='word_1_83' title='bbox 767 1252 966 1315; x_wconf 76' lang='lat' dir='ltr'>felicius</span> <span class='ocrx_word' id='word_1_84' title='bbox 997 1258 1153 1316; x_wconf 89' lang='lat' dir='ltr'>ducet</span> <span class='ocrx_word' id='word_1_85' title='bbox 1183 1259 1332 1319; x_wconf 88' lang='lat' dir='ltr'>filum</span> <span class='ocrx_word' id='word_1_86' title='bbox 1364 1260 1696 1325; x_wconf 86' lang='lat' dir='ltr'>ariadneum‚</span> 
     </span>
     <span class='ocr_line' id='line_1_14' title="bbox 270 1347 1698 1430; baseline 0.001 -24"><span class='ocrx_word' id='word_1_87' title='bbox 270 1366 329 1406; x_wconf 86' lang='lat' dir='ltr'>ac</span> <span class='ocrx_word' id='word_1_88' title='bbox 365 1347 682 1422; x_wconf 76' lang='lat' dir='ltr'>systematica</span> <span class='ocrx_word' id='word_1_89' title='bbox 728 1348 1065 1407; x_wconf 72' lang='lat' dir='ltr'>methodus?</span> <span class='ocrx_word' id='word_1_90' title='bbox 1143 1350 1211 1408; x_wconf 91' lang='lat' dir='ltr'>Et</span> <span class='ocrx_word' id='word_1_91' title='bbox 1260 1352 1313 1410; x_wconf 88' lang='lat' dir='ltr'>id</span> <span class='ocrx_word' id='word_1_92' title='bbox 1361 1352 1580 1430; x_wconf 87' lang='lat' dir='ltr'>quidem</span> <span class='ocrx_word' id='word_1_93' title='bbox 1631 1351 1698 1408; x_wconf 91' lang='lat' dir='ltr'>de</span> 
     </span>
     <span class='ocr_line' id='line_1_15' title="bbox 272 1439 1696 1515; baseline 0.006 -20"><span class='ocrx_word' id='word_1_94' title='bbox 272 1439 521 1497; x_wconf 89' lang='lat' dir='ltr'>omnibus</span> <span class='ocrx_word' id='word_1_95' title='bbox 549 1441 793 1496; x_wconf 82' lang='lat' dir='ltr'>Historiae</span> <span class='ocrx_word' id='word_1_96' title='bbox 828 1439 1096 1497; x_wconf 85' lang='lat' dir='ltr'>Naturalis</span> <span class='ocrx_word' id='word_1_97' title='bbox 1119 1442 1356 1515; x_wconf 83' lang='lat' dir='ltr'>partibus</span> <span class='ocrx_word' id='word_1_98' title='bbox 1378 1459 1572 1501; x_wconf 88' lang='lat' dir='ltr'>verum</span> <span class='ocrx_word' id='word_1_99' title='bbox 1595 1440 1696 1503; x_wconf 69' lang='lat' dir='ltr'>est,</span> 
     </span>
     <span class='ocr_line' id='line_1_16' title="bbox 271 1528 1695 1608; baseline 0.001 -21"><span class='ocrx_word' id='word_1_100' title='bbox 271 1528 646 1607; x_wconf 84' lang='lat' dir='ltr'>suffragantem</span> <span class='ocrx_word' id='word_1_101' title='bbox 712 1531 974 1590; x_wconf 89' lang='lat' dir='ltr'>habemus</span> <span class='ocrx_word' id='word_1_102' title='bbox 1043 1532 1205 1607; x_wconf 88' lang='lat' dir='ltr'>ipsam</span> <span class='ocrx_word' id='word_1_103' title='bbox 1277 1534 1652 1608; x_wconf 84' lang='lat' dir='ltr'>experientiam</span> <span class='ocrx_word' id='word_1_104' title='bbox 1683 1529 1695 1589; x_wconf 88' lang='lat'>!</span> 
     </span>
     <span class='ocr_line' id='line_1_17' title="bbox 273 1622 1698 1700; baseline 0.001 -21"><span class='ocrx_word' id='word_1_105' title='bbox 273 1639 465 1698; x_wconf 86' lang='lat' dir='ltr'>quanta</span> <span class='ocrx_word' id='word_1_106' title='bbox 486 1622 832 1698; x_wconf 79' lang='lat' dir='ltr'>premebatur</span> <span class='ocrx_word' id='word_1_107' title='bbox 856 1622 936 1680; x_wconf 91' lang='lat' dir='ltr'>illa</span> <span class='ocrx_word' id='word_1_108' title='bbox 961 1622 1195 1698; x_wconf 81' lang='lat' dir='ltr'>caligine,</span> <span class='ocrx_word' id='word_1_109' title='bbox 1237 1640 1522 1700; x_wconf 86' lang='lat' dir='ltr'>quousque</span> <span class='ocrx_word' id='word_1_110' title='bbox 1545 1623 1698 1680; x_wconf 88' lang='lat' dir='ltr'>Scru-</span> 
     </span>
     <span class='ocr_line' id='line_1_18' title="bbox 272 1713 1696 1789; baseline -0.003 -16"><span class='ocrx_word' id='word_1_111' title='bbox 272 1715 529 1773; x_wconf 90' lang='lat' dir='ltr'>tatoribus</span> <span class='ocrx_word' id='word_1_112' title='bbox 561 1718 671 1773; x_wconf 90' lang='lat' dir='ltr'>eius</span> <span class='ocrx_word' id='word_1_113' title='bbox 704 1731 815 1772; x_wconf 89' lang='lat' dir='ltr'>non</span> <span class='ocrx_word' id='word_1_114' title='bbox 847 1715 1070 1772; x_wconf 88' lang='lat' dir='ltr'>dabatur</span> <span class='ocrx_word' id='word_1_115' title='bbox 1099 1714 1254 1771; x_wconf 88' lang='lat' dir='ltr'>solida</span> <span class='ocrx_word' id='word_1_116' title='bbox 1294 1715 1515 1772; x_wconf 87' lang='lat' dir='ltr'>stabilire</span> <span class='ocrx_word' id='word_1_117' title='bbox 1546 1713 1696 1789; x_wconf 84' lang='lat' dir='ltr'>syste-</span> 
     </span>
     <span class='ocr_line' id='line_1_19' title="bbox 272 1795 1696 1882; baseline 0.001 -21"><span class='ocrx_word' id='word_1_118' title='bbox 272 1807 454 1863; x_wconf 72' lang='lat' dir='ltr'>mata?</span> <span class='ocrx_word' id='word_1_119' title='bbox 507 1825 669 1882; x_wconf 88' lang='lat' dir='ltr'>quam</span> <span class='ocrx_word' id='word_1_120' title='bbox 708 1802 987 1864; x_wconf 83' lang='lat' dir='ltr'>confusum</span> <span class='ocrx_word' id='word_1_121' title='bbox 1026 1820 1136 1862; x_wconf 87' lang='lat' dir='ltr'>erat</span> <span class='ocrx_word' id='word_1_122' title='bbox 1163 1803 1365 1881; x_wconf 89' lang='lat' dir='ltr'>vbique</span> <span class='ocrx_word' id='word_1_123' title='bbox 1394 1795 1592 1868; x_wconf 60' lang='lat' dir='ltr'>chaos,&gt;</span> <span class='ocrx_word' id='word_1_124' title='bbox 1637 1820 1696 1863; x_wconf 87' lang='lat' dir='ltr'>vt</span> 
     </span>
     <span class='ocr_line' id='line_1_20' title="bbox 267 1895 1693 1971; baseline 0 -19"><span class='ocrx_word' id='word_1_125' title='bbox 267 1899 559 1955; x_wconf 82' lang='lat' dir='ltr'>etiamnum</span> <span class='ocrx_word' id='word_1_126' title='bbox 589 1897 742 1956; x_wconf 88' lang='lat' dir='ltr'>bonis</span> <span class='ocrx_word' id='word_1_127' title='bbox 775 1914 1014 1955; x_wconf 88' lang='lat' dir='ltr'>ceterum</span> <span class='ocrx_word' id='word_1_128' title='bbox 1045 1895 1374 1954; x_wconf 86' lang='lat' dir='ltr'>Venerandae</span> <span class='ocrx_word' id='word_1_129' title='bbox 1403 1897 1693 1971; x_wconf 80' lang='lat' dir='ltr'>Antiquita-</span> 
     </span>
     <span class='ocr_line' id='line_1_21' title="bbox 271 1986 1694 2066; baseline -0.003 -19"><span class='ocrx_word' id='word_1_130' title='bbox 271 1993 334 2048; x_wconf 90' lang='lat' dir='ltr'>tis</span> <span class='ocrx_word' id='word_1_131' title='bbox 381 1989 812 2066; x_wconf 88' lang='lat' dir='ltr'>descriptionibus</span> <span class='ocrx_word' id='word_1_132' title='bbox 852 1988 1066 2053; x_wconf 77' lang='lat' dir='ltr'>multiS,</span> <span class='ocrx_word' id='word_1_133' title='bbox 1119 2005 1248 2063; x_wconf 90' lang='lat' dir='ltr'>quas</span> <span class='ocrx_word' id='word_1_134' title='bbox 1296 1986 1519 2062; x_wconf 82' lang='lat' dir='ltr'>penicilli</span> <span class='ocrx_word' id='word_1_135' title='bbox 1563 1988 1694 2045; x_wconf 89' lang='lat' dir='ltr'>casta</span> 
     </span>
     <span class='ocr_line' id='line_1_22' title="bbox 271 2078 1693 2157; baseline -0.002 -17"><span class='ocrx_word' id='word_1_136' title='bbox 271 2081 562 2156; x_wconf 82' lang='lat' dir='ltr'>simplic-itas</span> <span class='ocrx_word' id='word_1_137' title='bbox 595 2082 891 2157; x_wconf 88' lang='lat' dir='ltr'>plurimum</span> <span class='ocrx_word' id='word_1_138' title='bbox 925 2079 1041 2138; x_wconf 84' lang='lat' dir='ltr'>sane</span> <span class='ocrx_word' id='word_1_139' title='bbox 1082 2078 1568 2143; x_wconf 83' lang='lat' dir='ltr'>commendauerit,</span> <span class='ocrx_word' id='word_1_140' title='bbox 1617 2083 1693 2137; x_wconf 87' lang='lat' dir='ltr'>vti</span> 
     </span>
     <span class='ocr_line' id='line_1_23' title="bbox 268 2169 1688 2246; baseline -0.003 -15"><span class='ocrx_word' id='word_1_141' title='bbox 268 2189 446 2232; x_wconf 88' lang='lat' dir='ltr'>tamen</span> <span class='ocrx_word' id='word_1_142' title='bbox 479 2191 621 2233; x_wconf 85' lang='lat' dir='ltr'>nunc</span> <span class='ocrx_word' id='word_1_143' title='bbox 652 2191 718 2231; x_wconf 88' lang='lat' dir='ltr'>ex</span> <span class='ocrx_word' id='word_1_144' title='bbox 749 2189 879 2232; x_wconf 89' lang='lat' dir='ltr'>voto</span> <span class='ocrx_word' id='word_1_145' title='bbox 923 2188 1045 2230; x_wconf 90' lang='lat' dir='ltr'>raro</span> <span class='ocrx_word' id='word_1_146' title='bbox 1080 2170 1380 2246; x_wconf 73' lang='lat' dir='ltr'>poffimus?</span> <span class='ocrx_word' id='word_1_147' title='bbox 1430 2173 1490 2232; x_wconf 71' lang='grc' dir='ltr'>ὃ(</span> <span class='ocrx_word' id='word_1_148' title='bbox 1530 2169 1688 2245; x_wconf 70' lang='lat' dir='ltr'>saepe,</span> 
     </span>
     <span class='ocr_line' id='line_1_24' title="bbox 269 2261 1689 2341; baseline -0.004 -18"><span class='ocrx_word' id='word_1_149' title='bbox 269 2266 401 2323; x_wconf 91' lang='lat' dir='ltr'>dum</span> <span class='ocrx_word' id='word_1_150' title='bbox 445 2264 620 2341; x_wconf 84' lang='lat' dir='ltr'>priscae</span> <span class='ocrx_word' id='word_1_151' title='bbox 664 2267 925 2324; x_wconf 65' lang='lat' dir='ltr'>industriae</span> <span class='ocrx_word' id='word_1_152' title='bbox 976 2262 1393 2321; x_wconf 87' lang='lat' dir='ltr'>obseruationem</span> <span class='ocrx_word' id='word_1_153' title='bbox 1435 2263 1488 2316; x_wconf 88' lang='lat' dir='ltr'>in</span> <span class='ocrx_word' id='word_1_154' title='bbox 1537 2261 1689 2318; x_wconf 88' lang='lat' dir='ltr'>suum</span> 
     </span>
     <span class='ocr_line' id='line_1_25' title="bbox 266 2349 1687 2425; baseline -0.004 -11"><span class='ocrx_word' id='word_1_155' title='bbox 266 2370 476 2414; x_wconf 87' lang='lat' dir='ltr'>vertere</span> <span class='ocrx_word' id='word_1_156' title='bbox 509 2357 706 2416; x_wconf 87' lang='lat' dir='ltr'>Medici</span> <span class='ocrx_word' id='word_1_157' title='bbox 735 2358 926 2417; x_wconf 91' lang='lat' dir='ltr'>volunt</span> <span class='ocrx_word' id='word_1_158' title='bbox 957 2353 1165 2413; x_wconf 87' lang='lat' dir='ltr'>succum</span> <span class='ocrx_word' id='word_1_159' title='bbox 1191 2387 1205 2416; x_wconf 78' lang='lat'><strong><em>&gt;</em></strong></span> <span class='ocrx_word' id='word_1_160' title='bbox 1256 2356 1318 2414; x_wconf 87' lang='lat'>&amp;</span> <span class='ocrx_word' id='word_1_161' title='bbox 1349 2349 1652 2425; x_wconf 80' lang='lat' dir='ltr'>sanguinem</span> <span class='ocrx_word' id='word_1_162' title='bbox 1670 2389 1687 2418; x_wconf 90' lang='lat'><em>‚</em></span> 
     </span>
     <span class='ocr_line' id='line_1_26' title="bbox 265 2439 1687 2524; baseline -0.002 -21"><span class='ocrx_word' id='word_1_163' title='bbox 265 2447 356 2504; x_wconf 87' lang='lat' dir='ltr'>vbi</span> <span class='ocrx_word' id='word_1_164' title='bbox 379 2447 549 2506; x_wconf 82' lang='lat' dir='ltr'>laudat</span> <span class='ocrx_word' id='word_1_165' title='bbox 571 2449 873 2524; x_wconf 86' lang='lat' dir='ltr'>vegetabilis</span> <span class='ocrx_word' id='word_1_166' title='bbox 894 2445 1050 2503; x_wconf 90' lang='lat' dir='ltr'>huius</span> <span class='ocrx_word' id='word_1_167' title='bbox 1071 2449 1132 2506; x_wconf 89' lang='lat'>&amp;</span> <span class='ocrx_word' id='word_1_168' title='bbox 1153 2442 1285 2500; x_wconf 86' lang='lat' dir='ltr'>illius</span> <span class='ocrx_word' id='word_1_169' title='bbox 1309 2440 1428 2500; x_wconf 87' lang='lat' dir='ltr'>vsus</span> <span class='ocrx_word' id='word_1_170' title='bbox 1449 2439 1687 2500; x_wconf 58' lang='lat' dir='ltr'>effeetus-</span> 
     </span>
     <span class='ocr_line' id='line_1_27' title="bbox 266 2533 1687 2613; baseline -0.002 -19"><span class='ocrx_word' id='word_1_171' title='bbox 266 2551 375 2613; x_wconf 88' lang='lat' dir='ltr'>que</span> <span class='ocrx_word' id='word_1_172' title='bbox 413 2541 468 2595; x_wconf 86' lang='lat' dir='ltr'>in</span> <span class='ocrx_word' id='word_1_173' title='bbox 508 2539 807 2597; x_wconf 88' lang='lat' dir='ltr'>humanum</span> <span class='ocrx_word' id='word_1_174' title='bbox 842 2554 1038 2612; x_wconf 88' lang='lat' dir='ltr'>eorpus</span> <span class='ocrx_word' id='word_1_175' title='bbox 1070 2533 1333 2596; x_wconf 83' lang='lat' dir='ltr'>salubres,</span> <span class='ocrx_word' id='word_1_176' title='bbox 1385 2534 1570 2590; x_wconf 83' lang='lat' dir='ltr'>acriter</span> <span class='ocrx_word' id='word_1_177' title='bbox 1599 2534 1687 2592; x_wconf 89' lang='lat' dir='ltr'>de·</span> 
     </span>
    </p>
   </div>
   <div class='ocr_carea' id='block_1_3' title="bbox 263 2622 1689 2792">
    <p class='ocr_par' dir='ltr' id='par_1_3' title="bbox 263 2622 1689 2792">
     <span class='ocr_line' id='line_1_28' title="bbox 263 2622 1689 2707; baseline -0.003 -19"><span class='ocrx_word' id='word_1_178' title='bbox 263 2646 418 2689; x_wconf 89' lang='lat' dir='ltr'>mum</span> <span class='ocrx_word' id='word_1_179' title='bbox 457 2629 784 2707; x_wconf 78' lang='lat' dir='ltr'>disputetur,</span> <span class='ocrx_word' id='word_1_180' title='bbox 833 2645 1079 2707; x_wconf 84' lang='lat' dir='ltr'>quaenam</span> <span class='ocrx_word' id='word_1_181' title='bbox 1117 2626 1486 2684; x_wconf 81' lang='lat' dir='ltr'>commendata</span> <span class='ocrx_word' id='word_1_182' title='bbox 1527 2622 1689 2685; x_wconf 85' lang='lat' dir='ltr'>fuerit</span> 
     </span>
     <span class='ocr_line' id='line_1_29' title="bbox 1475 2715 1689 2792; baseline 0.005 -19"><span class='ocrx_word' id='word_1_183' title='bbox 1475 2715 1689 2792; x_wconf 68' lang='lat' dir='ltr'>planta?</span> 
     </span>
    </p>
   </div>
  </div>
 </body>
</html>
