<?xml version="1.0" encoding="UTF-8"?>
<!DOCTYPE html PUBLIC "-//W3C//DTD XHTML 1.0 Transitional//EN"
    "http://www.w3.org/TR/xhtml1/DTD/xhtml1-transitional.dtd">
<html xmlns="http://www.w3.org/1999/xhtml" xml:lang="en" lang="en">
 <head>
  <title>
</title>
<meta http-equiv="Content-Type" content="text/html;charset=utf-8" />
  <meta name='ocr-system' content='tesseract 3.04.00' />
  <meta name='ocr-capabilities' content='ocr_page ocr_carea ocr_par ocr_line ocrx_word'/>
</head>
<body>
  <div class='ocr_page' id='page_1' title='image "./philfridgmelinot00gmel_0145.png"; bbox 0 0 1881 3137; ppageno 0'>
   <div class='ocr_carea' id='block_1_1' title="bbox 425 138 1355 222">
    <p class='ocr_par' dir='ltr' id='par_1_1' title="bbox 425 138 1355 222">
     <span class='ocr_line' id='line_1_1' title="bbox 425 138 1355 222; baseline 0.012 -27"><span class='ocrx_word' id='word_1_1' title='bbox 425 138 992 199; x_wconf 85' lang='lat' dir='ltr'>AGGREGATAE.</span> <span class='ocrx_word' id='word_1_2' title='bbox 1246 162 1355 222; x_wconf 86' lang='lat'>129</span> 
     </span>
    </p>
   </div>
   <div class='ocr_carea' id='block_1_2' title="bbox 18 247 1362 402">
    <p class='ocr_par' dir='ltr' id='par_1_2' title="bbox 18 247 1362 402">
     <span class='ocr_line' id='line_1_2' title="bbox 18 247 1362 325; baseline 0.009 -20"><span class='ocrx_word' id='word_1_3' title='bbox 18 247 33 255; x_wconf 62' lang='grc'><strong>”</strong></span> <span class='ocrx_word' id='word_1_4' title='bbox 83 273 174 321; x_wconf 85' lang='lat' dir='ltr'>que</span> <span class='ocrx_word' id='word_1_5' title='bbox 198 259 392 308; x_wconf 84' lang='lat' dir='ltr'>Vnicum</span> <span class='ocrx_word' id='word_1_6' title='bbox 420 257 464 304; x_wconf 89' lang='lat'>&amp;</span> <span class='ocrx_word' id='word_1_7' title='bbox 485 258 680 308; x_wconf 89' lang='lat' dir='ltr'>nudum.</span> <span class='ocrx_word' id='word_1_8' title='bbox 754 259 1011 325; x_wconf 87' lang='lat' dir='ltr'>Praecipuae</span> <span class='ocrx_word' id='word_1_9' title='bbox 1034 264 1175 312; x_wconf 82' lang='lat' dir='ltr'>claffis</span> <span class='ocrx_word' id='word_1_10' title='bbox 1211 268 1362 316; x_wconf 82' lang='lat' dir='ltr'>diuer-</span> 
     </span>
     <span class='ocr_line' id='line_1_3' title="bbox 82 334 1362 402; baseline 0.003 -19"><span class='ocrx_word' id='word_1_11' title='bbox 82 337 238 384; x_wconf 81' lang='lat' dir='ltr'>fitates</span> <span class='ocrx_word' id='word_1_12' title='bbox 268 336 457 383; x_wconf 85' lang='lat' dir='ltr'>corollis</span> <span class='ocrx_word' id='word_1_13' title='bbox 484 334 681 396; x_wconf 75' lang='lat' dir='ltr'>ludunt,</span> <span class='ocrx_word' id='word_1_14' title='bbox 724 350 922 397; x_wconf 80' lang='lat' dir='ltr'>quarum</span> <span class='ocrx_word' id='word_1_15' title='bbox 946 337 1045 384; x_wconf 82' lang='lat' dir='ltr'>aliae</span> <span class='ocrx_word' id='word_1_16' title='bbox 1078 336 1362 402; x_wconf 77' lang='lat' dir='ltr'>monopetalae</span> 
     </span>
    </p>
   </div>
   <div class='ocr_carea' id='block_1_3' title="bbox 76 414 1359 951">
    <p class='ocr_par' dir='ltr' id='par_1_3' title="bbox 76 414 1359 951">
     <span class='ocr_line' id='line_1_4' title="bbox 84 414 1358 478; baseline 0 -16"><span class='ocrx_word' id='word_1_17' title='bbox 84 414 216 475; x_wconf 77' lang='lat' dir='ltr'>sunt,</span> <span class='ocrx_word' id='word_1_18' title='bbox 263 415 307 461; x_wconf 85' lang='lat'>&amp;</span> <span class='ocrx_word' id='word_1_19' title='bbox 339 415 435 461; x_wconf 82' lang='lat' dir='ltr'>aliae</span> <span class='ocrx_word' id='word_1_20' title='bbox 461 414 780 478; x_wconf 72' lang='lat' dir='ltr'>pentapetalae,</span> <span class='ocrx_word' id='word_1_21' title='bbox 828 414 905 462; x_wconf 87' lang='lat' dir='ltr'>sed</span> <span class='ocrx_word' id='word_1_22' title='bbox 940 415 1177 464; x_wconf 63' lang='lat' dir='ltr'>essentiale</span> <span class='ocrx_word' id='word_1_23' title='bbox 1217 416 1358 464; x_wconf 83' lang='lat' dir='ltr'>classis</span> 
     </span>
     <span class='ocr_line' id='line_1_5' title="bbox 84 495 1358 560; baseline 0.001 -16"><span class='ocrx_word' id='word_1_24' title='bbox 84 497 323 544; x_wconf 82' lang='lat' dir='ltr'>criterium</span> <span class='ocrx_word' id='word_1_25' title='bbox 354 510 380 541; x_wconf 85' lang='lat' dir='ltr'>a</span> <span class='ocrx_word' id='word_1_26' title='bbox 411 496 558 556; x_wconf 79' lang='lat' dir='ltr'>priori</span> <span class='ocrx_word' id='word_1_27' title='bbox 586 495 871 558; x_wconf 82' lang='lat' dir='ltr'>distinguens</span> <span class='ocrx_word' id='word_1_28' title='bbox 907 500 1003 560; x_wconf 81' lang='lat' dir='ltr'>est,</span> <span class='ocrx_word' id='word_1_29' title='bbox 1041 499 1171 559; x_wconf 89' lang='lat' dir='ltr'>quod</span> <span class='ocrx_word' id='word_1_30' title='bbox 1201 497 1245 544; x_wconf 88' lang='lat'>&amp;</span> <span class='ocrx_word' id='word_1_31' title='bbox 1274 500 1358 546; x_wconf 84' lang='lat' dir='ltr'>sm-</span> 
     </span>
     <span class='ocr_line' id='line_1_6' title="bbox 81 576 1359 641; baseline 0 -15"><span class='ocrx_word' id='word_1_32' title='bbox 81 581 199 640; x_wconf 78' lang='lat' dir='ltr'>gulae</span> <span class='ocrx_word' id='word_1_33' title='bbox 243 576 435 623; x_wconf 80' lang='lat' dir='ltr'>corollae</span> <span class='ocrx_word' id='word_1_34' title='bbox 473 576 692 637; x_wconf 58' lang='lat' dir='ltr'>separatae</span> <span class='ocrx_word' id='word_1_35' title='bbox 732 592 840 625; x_wconf 85' lang='lat' dir='ltr'>cum</span> <span class='ocrx_word' id='word_1_36' title='bbox 882 581 969 626; x_wconf 85' lang='lat' dir='ltr'>suis</span> <span class='ocrx_word' id='word_1_37' title='bbox 1006 580 1359 641; x_wconf 83' lang='lat' dir='ltr'>hermaphrodi-</span> 
     </span>
     <span class='ocr_line' id='line_1_7' title="bbox 80 657 1356 719; baseline -0.002 -9"><span class='ocrx_word' id='word_1_38' title='bbox 80 665 141 710; x_wconf 81' lang='lat' dir='ltr'>tis</span> <span class='ocrx_word' id='word_1_39' title='bbox 181 659 372 706; x_wconf 63' lang='lat' dir='ltr'>corollae</span> <span class='ocrx_word' id='word_1_40' title='bbox 411 657 596 703; x_wconf 78' lang='lat' dir='ltr'>inclusis</span> <span class='ocrx_word' id='word_1_41' title='bbox 638 666 926 719; x_wconf 73' lang='lat' dir='ltr'>appareant,</span> <span class='ocrx_word' id='word_1_42' title='bbox 975 660 1021 707; x_wconf 84' lang='lat'>&amp;</span> <span class='ocrx_word' id='word_1_43' title='bbox 1060 662 1227 707; x_wconf 82' lang='lat' dir='ltr'>nullibi</span> <span class='ocrx_word' id='word_1_44' title='bbox 1261 659 1356 708; x_wconf 78' lang='lat' dir='ltr'>fila-</span> 
     </span>
     <span class='ocr_line' id='line_1_8' title="bbox 83 736 1354 795; baseline -0.006 -6"><span class='ocrx_word' id='word_1_45' title='bbox 83 747 243 789; x_wconf 80' lang='lat' dir='ltr'>menta</span> <span class='ocrx_word' id='word_1_46' title='bbox 277 738 324 783; x_wconf 82' lang='lat' dir='ltr'>in</span> <span class='ocrx_word' id='word_1_47' title='bbox 360 749 511 782; x_wconf 82' lang='lat' dir='ltr'>vnum</span> <span class='ocrx_word' id='word_1_48' title='bbox 552 736 726 780; x_wconf 77' lang='lat' dir='ltr'>coalita</span> <span class='ocrx_word' id='word_1_49' title='bbox 758 737 1064 795; x_wconf 81' lang='lat' dir='ltr'>cylindricam</span> <span class='ocrx_word' id='word_1_50' title='bbox 1093 736 1354 795; x_wconf 68' lang='lat' dir='ltr'>audieram,</span> 
     </span>
     <span class='ocr_line' id='line_1_9' title="bbox 76 811 1353 883; baseline -0.001 -21"><span class='ocrx_word' id='word_1_51' title='bbox 76 811 376 883; x_wconf 78' lang='lat' dir='ltr'>perianthium</span> <span class='ocrx_word' id='word_1_52' title='bbox 396 812 542 872; x_wconf 71' lang='lat' dir='ltr'>saepe,</span> <span class='ocrx_word' id='word_1_53' title='bbox 580 811 611 858; x_wconf 87' lang='lat' dir='ltr'><strong>fi</strong></span> <span class='ocrx_word' id='word_1_54' title='bbox 633 827 732 859; x_wconf 81' lang='lat' dir='ltr'>non</span> <span class='ocrx_word' id='word_1_55' title='bbox 758 813 964 877; x_wconf 73' lang='lat' dir='ltr'>semper,</span> <span class='ocrx_word' id='word_1_56' title='bbox 992 816 1193 877; x_wconf 72' lang='lat' dir='ltr'>duplex,</span> <span class='ocrx_word' id='word_1_57' title='bbox 1230 813 1353 862; x_wconf 79' lang='lat' dir='ltr'>aliud</span> 
     </span>
     <span class='ocr_line' id='line_1_10' title="bbox 83 889 815 951; baseline -0.007 -8"><span class='ocrx_word' id='word_1_58' title='bbox 83 905 364 951; x_wconf 75' lang='lat' dir='ltr'>commune,</span> <span class='ocrx_word' id='word_1_59' title='bbox 402 889 527 937; x_wconf 73' lang='lat' dir='ltr'>aliud</span> <span class='ocrx_word' id='word_1_60' title='bbox 555 889 815 951; x_wconf 78' lang='lat' dir='ltr'>proprium.</span> 
     </span>
    </p>
   </div>
   <div class='ocr_carea' id='block_1_4' title="bbox 159 1040 1283 1226">
    <p class='ocr_par' dir='ltr' id='par_1_4' title="bbox 159 1040 1283 1226">
     <span class='ocr_line' id='line_1_11' title="bbox 416 1040 1024 1100; baseline -0.003 0"><span class='ocrx_word' id='word_1_61' title='bbox 416 1041 603 1100; x_wconf 73' lang='lat' dir='ltr'>⁴Classis</span> <span class='ocrx_word' id='word_1_62' title='bbox 642 1041 756 1100; x_wconf 79' lang='lat' dir='ltr'>VII.</span> <span class='ocrx_word' id='word_1_63' title='bbox 799 1040 930 1099; x_wconf 88' lang='lat' dir='ltr'><strong>Ord.</strong></span> <span class='ocrx_word' id='word_1_64' title='bbox 979 1057 1024 1099; x_wconf 91' lang='lat'>1.</span> 
     </span>
     <span class='ocr_line' id='line_1_12' title="bbox 159 1158 1283 1226; baseline -0.007 0"><span class='ocrx_word' id='word_1_65' title='bbox 159 1161 658 1226; x_wconf 77' lang='lat' dir='ltr'>AGGREGATAE</span> <span class='ocrx_word' id='word_1_66' title='bbox 702 1158 1283 1220; x_wconf 82' lang='lat' dir='ltr'><strong>MONOPETALAE.</strong></span> 
     </span>
    </p>
   </div>
   <div class='ocr_carea' id='block_1_5' title="bbox 78 1299 1638 2002">
    <p class='ocr_par' dir='ltr' id='par_1_5' title="bbox 78 1299 1638 2002">
     <span class='ocr_line' id='line_1_13' title="bbox 183 1299 1625 1377; baseline -0.002 -27"><span class='ocrx_word' id='word_1_67' title='bbox 183 1304 404 1353; x_wconf 83' lang='lat' dir='ltr'>Cohaeret</span> <span class='ocrx_word' id='word_1_68' title='bbox 433 1304 481 1351; x_wconf 90' lang='lat' dir='ltr'>in</span> <span class='ocrx_word' id='word_1_69' title='bbox 513 1305 584 1352; x_wconf 85' lang='lat' dir='ltr'>his</span> <span class='ocrx_word' id='word_1_70' title='bbox 610 1305 882 1353; x_wconf 82' lang='lat' dir='ltr'>constanter</span> <span class='ocrx_word' id='word_1_71' title='bbox 900 1313 1011 1351; x_wconf 72' lang='lat' dir='ltr'>tota</span> <span class='ocrx_word' id='word_1_72' title='bbox 1040 1304 1233 1350; x_wconf 82' lang='lat' dir='ltr'>corollae</span> <span class='ocrx_word' id='word_1_73' title='bbox 1258 1299 1358 1349; x_wconf 74' lang='lat' dir='ltr'>sub-</span> <span class='ocrx_word' id='word_1_74' title='bbox 1388 1323 1625 1377; x_wconf 77' lang='lat' dir='ltr'>Explicatio</span> 
     </span>
     <span class='ocr_line' id='line_1_14' title="bbox 84 1376 1638 1447; baseline -0.005 -15"><span class='ocrx_word' id='word_1_75' title='bbox 84 1384 274 1442; x_wconf 81' lang='lat' dir='ltr'>stantia,</span> <span class='ocrx_word' id='word_1_76' title='bbox 322 1392 571 1443; x_wconf 82' lang='lat' dir='ltr'>Vtcunque</span> <span class='ocrx_word' id='word_1_77' title='bbox 603 1382 700 1430; x_wconf 82' lang='lat' dir='ltr'>fissa</span> <span class='ocrx_word' id='word_1_78' title='bbox 728 1381 870 1433; x_wconf 78' lang='lat' dir='ltr'><em>limbis</em></span> <span class='ocrx_word' id='word_1_79' title='bbox 905 1383 953 1429; x_wconf 89' lang='lat' dir='ltr'>in</span> <span class='ocrx_word' id='word_1_80' title='bbox 975 1379 1230 1447; x_wconf 78' lang='lat' dir='ltr'>figmenta,</span> <span class='ocrx_word' id='word_1_81' title='bbox 1277 1379 1360 1427; x_wconf 81' lang='lat' dir='ltr'>vel</span> <span class='ocrx_word' id='word_1_82' title='bbox 1388 1376 1638 1418; x_wconf 82' lang='lat' dir='ltr'>ClaffisVII.</span> 
     </span>
     <span class='ocr_line' id='line_1_15' title="bbox 84 1431 1630 1540; baseline -0.005 -28"><span class='ocrx_word' id='word_1_83' title='bbox 84 1462 287 1520; x_wconf 78' lang='lat' dir='ltr'>lacinias,</span> <span class='ocrx_word' id='word_1_84' title='bbox 344 1476 451 1508; x_wconf 88' lang='lat' dir='ltr'>cum</span> <span class='ocrx_word' id='word_1_85' title='bbox 482 1470 649 1508; x_wconf 78' lang='lat' dir='ltr'>contra</span> <span class='ocrx_word' id='word_1_86' title='bbox 676 1460 873 1521; x_wconf 84' lang='lat' dir='ltr'>sequens</span> <span class='ocrx_word' id='word_1_87' title='bbox 911 1461 1032 1507; x_wconf 85' lang='lat' dir='ltr'>ordo</span> <span class='ocrx_word' id='word_1_88' title='bbox 1066 1460 1115 1506; x_wconf 89' lang='lat' dir='ltr'>in</span> <span class='ocrx_word' id='word_1_89' title='bbox 1145 1472 1171 1517; x_wconf 84' lang='grc'><em>5</em></span> <span class='ocrx_word' id='word_1_90' title='bbox 1205 1457 1358 1505; x_wconf 85' lang='lat' dir='ltr'>distin·</span> <span class='ocrx_word' id='word_1_91' title='bbox 1386 1431 1630 1540; x_wconf 50' lang='grc' dir='ltr'>Αὲἒῐεὲἃω</span> 
     </span>
     <span class='ocr_line' id='line_1_16' title="bbox 79 1535 1599 1601; baseline -0.005 -13"><span class='ocrx_word' id='word_1_92' title='bbox 79 1540 157 1588; x_wconf 67' lang='grc' dir='ltr'><strong>ἃᾶ</strong></span> <span class='ocrx_word' id='word_1_93' title='bbox 183 1540 340 1601; x_wconf 79' lang='lat' dir='ltr'>petala</span> <span class='ocrx_word' id='word_1_94' title='bbox 368 1538 487 1586; x_wconf 79' lang='lat' dir='ltr'>fissas</span> <span class='ocrx_word' id='word_1_95' title='bbox 520 1539 577 1587; x_wconf 81' lang='lat' dir='ltr'>ad</span> <span class='ocrx_word' id='word_1_96' title='bbox 609 1540 702 1587; x_wconf 82' lang='lat' dir='ltr'>ima</span> <span class='ocrx_word' id='word_1_97' title='bbox 739 1553 894 1600; x_wconf 81' lang='lat' dir='ltr'>Vsque</span> <span class='ocrx_word' id='word_1_98' title='bbox 923 1538 1126 1585; x_wconf 82' lang='lat' dir='ltr'>corollas</span> <span class='ocrx_word' id='word_1_99' title='bbox 1159 1535 1359 1586; x_wconf 81' lang='lat' dir='ltr'>offerat3</span> <span class='ocrx_word' id='word_1_100' title='bbox 1392 1549 1599 1591; x_wconf 58' lang='lat' dir='ltr'>monope-&lt;</span> 
     </span>
     <span class='ocr_line' id='line_1_17' title="bbox 78 1592 1494 1682; baseline -0.004 -15"><span class='ocrx_word' id='word_1_101' title='bbox 78 1620 300 1679; x_wconf 81' lang='lat' dir='ltr'>exempla</span> <span class='ocrx_word' id='word_1_102' title='bbox 331 1619 374 1665; x_wconf 87' lang='lat'>&amp;</span> <span class='ocrx_word' id='word_1_103' title='bbox 403 1633 576 1681; x_wconf 80' lang='lat' dir='ltr'>genera</span> <span class='ocrx_word' id='word_1_104' title='bbox 600 1632 758 1680; x_wconf 85' lang='lat' dir='ltr'>neque</span> <span class='ocrx_word' id='word_1_105' title='bbox 786 1619 891 1682; x_wconf 78' lang='lat' dir='ltr'>hic,</span> <span class='ocrx_word' id='word_1_106' title='bbox 924 1632 1082 1681; x_wconf 82' lang='lat' dir='ltr'>neque</span> <span class='ocrx_word' id='word_1_107' title='bbox 1113 1618 1359 1681; x_wconf 80' lang='lat' dir='ltr'>proximus</span> <span class='ocrx_word' id='word_1_108' title='bbox 1391 1592 1494 1632; x_wconf 48' lang='grc' dir='ltr'>ωε·</span> 
     </span>
     <span class='ocr_line' id='line_1_18' title="bbox 79 1695 1359 1763; baseline 0.001 -16"><span class='ocrx_word' id='word_1_109' title='bbox 79 1699 205 1747; x_wconf 84' lang='lat' dir='ltr'>ordo</span> <span class='ocrx_word' id='word_1_110' title='bbox 249 1699 399 1746; x_wconf 83' lang='lat' dir='ltr'>multa</span> <span class='ocrx_word' id='word_1_111' title='bbox 441 1698 522 1744; x_wconf 87' lang='lat' dir='ltr'>sub</span> <span class='ocrx_word' id='word_1_112' title='bbox 563 1698 606 1745; x_wconf 91' lang='lat' dir='ltr'>se</span> <span class='ocrx_word' id='word_1_113' title='bbox 649 1700 822 1761; x_wconf 79' lang='lat' dir='ltr'>habet,</span> <span class='ocrx_word' id='word_1_114' title='bbox 875 1703 956 1748; x_wconf 87' lang='lat' dir='ltr'>vel</span> <span class='ocrx_word' id='word_1_115' title='bbox 997 1695 1274 1763; x_wconf 72' lang='lat' dir='ltr'>frequenter</span> <span class='ocrx_word' id='word_1_116' title='bbox 1309 1701 1359 1748; x_wconf 88' lang='lat' dir='ltr'>in</span> 
     </span>
     <span class='ocr_line' id='line_1_19' title="bbox 82 1779 1358 1843; baseline 0.001 -15"><span class='ocrx_word' id='word_1_117' title='bbox 82 1781 338 1829; x_wconf 82' lang='lat' dir='ltr'>Germania</span> <span class='ocrx_word' id='word_1_118' title='bbox 364 1779 532 1843; x_wconf 86' lang='lat' dir='ltr'>sponte</span> <span class='ocrx_word' id='word_1_119' title='bbox 569 1780 831 1840; x_wconf 69' lang='lat' dir='ltr'>nascentia,</span> <span class='ocrx_word' id='word_1_120' title='bbox 877 1783 958 1828; x_wconf 83' lang='lat' dir='ltr'>vel</span> <span class='ocrx_word' id='word_1_121' title='bbox 992 1784 1041 1829; x_wconf 83' lang='lat' dir='ltr'>in</span> <span class='ocrx_word' id='word_1_122' title='bbox 1076 1783 1226 1830; x_wconf 84' lang='lat' dir='ltr'>hortis</span> <span class='ocrx_word' id='word_1_123' title='bbox 1264 1783 1358 1830; x_wconf 82' lang='lat' dir='ltr'>cul-</span> 
     </span>
     <span class='ocr_line' id='line_1_20' title="bbox 82 1853 1359 1919; baseline 0.003 -17"><span class='ocrx_word' id='word_1_124' title='bbox 82 1864 162 1915; x_wconf 75' lang='lat' dir='ltr'>ta,</span> <span class='ocrx_word' id='word_1_125' title='bbox 199 1854 282 1911; x_wconf 85' lang='lat' dir='ltr'>vel</span> <span class='ocrx_word' id='word_1_126' title='bbox 299 1853 488 1901; x_wconf 88' lang='lat' dir='ltr'>medico</span> <span class='ocrx_word' id='word_1_127' title='bbox 510 1865 705 1914; x_wconf 87' lang='lat' dir='ltr'>recepta</span> <span class='ocrx_word' id='word_1_128' title='bbox 724 1853 825 1901; x_wconf 86' lang='lat' dir='ltr'>vsu.</span> <span class='ocrx_word' id='word_1_129' title='bbox 888 1853 963 1901; x_wconf 82' lang='lat' dir='ltr'>Ex</span> <span class='ocrx_word' id='word_1_130' title='bbox 984 1856 1078 1903; x_wconf 90' lang='lat' dir='ltr'>hoc</span> <span class='ocrx_word' id='word_1_131' title='bbox 1100 1859 1254 1919; x_wconf 86' lang='lat' dir='ltr'>primo</span> <span class='ocrx_word' id='word_1_132' title='bbox 1273 1861 1359 1907; x_wconf 79' lang='lat' dir='ltr'>vix</span> 
     </span>
     <span class='ocr_line' id='line_1_21' title="bbox 84 1935 1358 2002; baseline 0.005 -22"><span class='ocrx_word' id='word_1_133' title='bbox 84 1936 212 1982; x_wconf 83' lang='lat' dir='ltr'>vltra</span> <span class='ocrx_word' id='word_1_134' title='bbox 241 1935 365 1997; x_wconf 75' lang='lat' dir='ltr'>duc,</span> <span class='ocrx_word' id='word_1_135' title='bbox 395 1935 477 1982; x_wconf 82' lang='lat' dir='ltr'>vel</span> <span class='ocrx_word' id='word_1_136' title='bbox 512 1936 600 1982; x_wconf 83' lang='lat' dir='ltr'>tria</span> <span class='ocrx_word' id='word_1_137' title='bbox 627 1949 878 1983; x_wconf 83' lang='lat' dir='ltr'>numerare</span> <span class='ocrx_word' id='word_1_138' title='bbox 908 1936 1077 2002; x_wconf 79' lang='lat' dir='ltr'>liceat,</span> <span class='ocrx_word' id='word_1_139' title='bbox 1115 1942 1293 1989; x_wconf 79' lang='lat' dir='ltr'>eminet</span> <span class='ocrx_word' id='word_1_140' title='bbox 1332 1954 1358 1987; x_wconf 88' lang='lat' dir='ltr'>e</span> 
     </span>
    </p>
   </div>
   <div class='ocr_carea' id='block_1_6' title="bbox 82 2012 1362 2171">
    <p class='ocr_par' dir='ltr' id='par_1_6' title="bbox 82 2012 1362 2171">
     <span class='ocr_line' id='line_1_22' title="bbox 82 2012 1360 2082; baseline 0.005 -20"><span class='ocrx_word' id='word_1_141' title='bbox 82 2014 357 2078; x_wconf 76' lang='lat' dir='ltr'>vulgaribus</span> <span class='ocrx_word' id='word_1_142' title='bbox 411 2012 679 2062; x_wconf 81' lang='lat' dir='ltr'>Germaniae</span> <span class='ocrx_word' id='word_1_143' title='bbox 722 2014 894 2075; x_wconf 83' lang='lat' dir='ltr'>plantis</span> <span class='ocrx_word' id='word_1_144' title='bbox 937 2015 1159 2082; x_wconf 78' lang='lat' dir='ltr'>Dipsacus</span> <span class='ocrx_word' id='word_1_145' title='bbox 1179 2054 1193 2078; x_wconf 86' lang='lat'>,</span> <span class='ocrx_word' id='word_1_146' title='bbox 1250 2021 1360 2068; x_wconf 83' lang='lat' dir='ltr'>alias</span> 
     </span>
     <span class='ocr_line' id='line_1_23' title="bbox 88 2095 1362 2171; baseline 0.001 -23"><span class='ocrx_word' id='word_1_147' title='bbox 88 2104 236 2171; x_wconf 76' lang='lat' dir='ltr'><em>Virga</em></span> <span class='ocrx_word' id='word_1_148' title='bbox 266 2097 490 2163; x_wconf 82' lang='lat' dir='ltr'>Pastoris,</span> <span class='ocrx_word' id='word_1_149' title='bbox 525 2098 611 2146; x_wconf 83' lang='lat' dir='ltr'>vsu</span> <span class='ocrx_word' id='word_1_150' title='bbox 645 2095 974 2157; x_wconf 80' lang='lat' dir='ltr'>oeconomicO,</span> <span class='ocrx_word' id='word_1_151' title='bbox 1010 2099 1093 2145; x_wconf 86' lang='lat' dir='ltr'>vel</span> <span class='ocrx_word' id='word_1_152' title='bbox 1126 2099 1362 2149; x_wconf 82' lang='lat' dir='ltr'>mechani-</span> 
     </span>
    </p>
   </div>
   <div class='ocr_carea' id='block_1_7' title="bbox 45 2176 1365 2563">
    <p class='ocr_par' dir='ltr' id='par_1_7' title="bbox 45 2176 1365 2563">
     <span class='ocr_line' id='line_1_24' title="bbox 84 2176 1359 2250; baseline 0 -16"><span class='ocrx_word' id='word_1_153' title='bbox 84 2202 142 2237; x_wconf 91' lang='lat' dir='ltr'>co</span> <span class='ocrx_word' id='word_1_154' title='bbox 166 2184 391 2242; x_wconf 75' lang='lat' dir='ltr'>celebriS,</span> <span class='ocrx_word' id='word_1_155' title='bbox 426 2183 539 2229; x_wconf 89' lang='lat' dir='ltr'>hinc</span> <span class='ocrx_word' id='word_1_156' title='bbox 555 2176 784 2242; x_wconf 85' lang='lat' dir='ltr'>fullonum</span> <span class='ocrx_word' id='word_1_157' title='bbox 802 2180 992 2232; x_wconf 83' lang='lat' dir='ltr'>carduus</span> <span class='ocrx_word' id='word_1_158' title='bbox 1018 2183 1167 2246; x_wconf 86' lang='lat' dir='ltr'>vulgo</span> <span class='ocrx_word' id='word_1_159' title='bbox 1194 2184 1359 2250; x_wconf 60' lang='lat' dir='ltr'>dictus,</span> 
     </span>
     <span class='ocr_line' id='line_1_25' title="bbox 45 2250 1362 2327; baseline 0.001 -17"><span class='ocrx_word' id='word_1_160' title='bbox 45 2319 47 2321; x_wconf 16' lang='lat'><strong><em>¹</em></strong></span> <span class='ocrx_word' id='word_1_161' title='bbox 83 2277 182 2327; x_wconf 90' lang='lat' dir='ltr'>quo</span> <span class='ocrx_word' id='word_1_162' title='bbox 215 2260 405 2321; x_wconf 89' lang='lat' dir='ltr'>quidem</span> <span class='ocrx_word' id='word_1_163' title='bbox 434 2261 612 2309; x_wconf 84' lang='lat' dir='ltr'>intuitu</span> <span class='ocrx_word' id='word_1_164' title='bbox 645 2262 791 2324; x_wconf 87' lang='lat' dir='ltr'>magis</span> <span class='ocrx_word' id='word_1_165' title='bbox 827 2250 979 2309; x_wconf 77' lang='lat' dir='ltr'>adhuc</span> <span class='ocrx_word' id='word_1_166' title='bbox 1022 2260 1066 2308; x_wconf 91' lang='lat' dir='ltr'>se</span> <span class='ocrx_word' id='word_1_167' title='bbox 1097 2262 1362 2311; x_wconf 84' lang='lat' dir='ltr'>fullonibus</span> 
     </span>
     <span class='ocr_line' id='line_1_26' title="bbox 83 2335 1362 2402; baseline 0.001 -15"><span class='ocrx_word' id='word_1_168' title='bbox 83 2335 387 2387; x_wconf 83' lang='lat' dir='ltr'>commendat</span> <span class='ocrx_word' id='word_1_169' title='bbox 407 2337 486 2384; x_wconf 83' lang='lat' dir='ltr'>illa</span> <span class='ocrx_word' id='word_1_170' title='bbox 506 2337 749 2386; x_wconf 88' lang='lat' dir='ltr'>fullonum</span> <span class='ocrx_word' id='word_1_171' title='bbox 767 2338 930 2385; x_wconf 85' lang='lat' dir='ltr'>cardui</span> <span class='ocrx_word' id='word_1_172' title='bbox 956 2340 1160 2388; x_wconf 84' lang='lat' dir='ltr'>varietas</span> <span class='ocrx_word' id='word_1_173' title='bbox 1174 2380 1189 2402; x_wconf 77' lang='lat'>‚</span> <span class='ocrx_word' id='word_1_174' title='bbox 1221 2355 1362 2402; x_wconf 82' lang='lat' dir='ltr'>quam</span> 
     </span>
     <span class='ocr_line' id='line_1_27' title="bbox 82 2405 1365 2479; baseline 0.004 -18"><span class='ocrx_word' id='word_1_175' title='bbox 82 2425 233 2463; x_wconf 83' lang='lat' dir='ltr'>vocat</span> <span class='ocrx_word' id='word_1_176' title='bbox 259 2405 481 2462; x_wconf 73' lang='lat' dir='ltr'>Linnaeus</span> <span class='ocrx_word' id='word_1_177' title='bbox 511 2415 559 2462; x_wconf 89' lang='lat' dir='ltr'>in</span> <span class='ocrx_word' id='word_1_178' title='bbox 592 2414 682 2462; x_wconf 85' lang='lat' dir='ltr'>suis</span> <span class='ocrx_word' id='word_1_179' title='bbox 710 2415 981 2478; x_wconf 86' lang='lat' dir='ltr'>speciebus:</span> <span class='ocrx_word' id='word_1_180' title='bbox 1018 2414 1365 2479; x_wconf 61' lang='lat' dir='ltr'>Dipsacum&#39;sa-</span> 
     </span>
     <span class='ocr_line' id='line_1_28' title="bbox 76 2491 1363 2563; baseline 0.008 -24"><span class='ocrx_word' id='word_1_181' title='bbox 76 2494 262 2552; x_wconf 73' lang='lat' dir='ltr'>tinum,</span> <span class='ocrx_word' id='word_1_182' title='bbox 312 2491 457 2539; x_wconf 81' lang='lat' dir='ltr'>aristis</span> <span class='ocrx_word' id='word_1_183' title='bbox 491 2492 672 2541; x_wconf 65' lang='grc' dir='ltr'>Ἑωέὶυε</span> <span class='ocrx_word' id='word_1_184' title='bbox 700 2494 931 2556; x_wconf 78' lang='lat' dir='ltr'>hamatis,</span> <span class='ocrx_word' id='word_1_185' title='bbox 980 2498 1204 2563; x_wconf 83' lang='lat' dir='ltr'>quoniam</span> <span class='ocrx_word' id='word_1_186' title='bbox 1237 2500 1363 2549; x_wconf 87' lang='lat' dir='ltr'>enim</span> 
     </span>
    </p>
   </div>
   <div class='ocr_carea' id='block_1_8' title="bbox 82 2574 1364 2703">
    <p class='ocr_par' dir='ltr' id='par_1_8' title="bbox 82 2574 1364 2703">
     <span class='ocr_line' id='line_1_29' title="bbox 82 2574 1360 2644; baseline 0.005 -20"><span class='ocrx_word' id='word_1_187' title='bbox 82 2575 133 2624; x_wconf 84' lang='lat' dir='ltr'>in</span> <span class='ocrx_word' id='word_1_188' title='bbox 164 2587 220 2622; x_wconf 85' lang='lat' dir='ltr'>ea</span> <span class='ocrx_word' id='word_1_189' title='bbox 244 2574 400 2639; x_wconf 86' lang='lat' dir='ltr'>rigidae</span> <span class='ocrx_word' id='word_1_190' title='bbox 430 2578 720 2639; x_wconf 77' lang='lat' dir='ltr'>receptaculi</span> <span class='ocrx_word' id='word_1_191' title='bbox 762 2579 908 2644; x_wconf 74' lang='lat' dir='ltr'>paleae</span> <span class='ocrx_word' id='word_1_192' title='bbox 959 2579 1196 2631; x_wconf 79' lang='lat' dir='ltr'>vncinatae</span> <span class='ocrx_word' id='word_1_193' title='bbox 1229 2582 1360 2643; x_wconf 77' lang='lat' dir='ltr'>sunt,</span> 
     </span>
     <span class='ocr_line' id='line_1_30' title="bbox 739 2651 1364 2703; baseline 0.002 -1"><span class='ocrx_word' id='word_1_194' title='bbox 739 2651 784 2702; x_wconf 91' lang='lat' dir='ltr'>R</span> <span class='ocrx_word' id='word_1_195' title='bbox 1286 2669 1364 2703; x_wconf 58' lang='grc' dir='ltr'>611τ</span> 
     </span>
    </p>
   </div>
  </div>
 </body>
</html>
