1881 3137
258 835 429 883 nitium
448 838 777 897 explicationis
800 839 970 886 faciam
999 852 1026 886 a
1055 841 1188 886 claue
1218 834 1421 885 claffium
1449 838 1683 901 Expvlieatio

293 912 568 974 Systematis
609 916 839 979 Royeni,
896 932 1037 978 quam
1081 917 1165 965 suo
1220 912 1424 978 praefixit
1450 894 1701 999 ἒζξζέξξῗζ

291 993 553 1056 prodromo
580 995 734 1044 Florae
753 996 1039 1057 LeydensiS,
1071 996 1275 1044 obseruo
1299 994 1423 1042 enim
1451 998 1571 1060 matis
1609 996 1701 1039 Ro-

150 1084 270 1132 εοε,
327 1074 407 1133 qui
441 1071 532 1120 hac
559 1073 633 1119 vti
673 1073 799 1121 recte
842 1072 1034 1135 poss'unt
1072 1075 1240 1133 claue,
1296 1087 1424 1134 aper·
1450 1065 1563 1108 5⁰⁰¹·

148 1158 248 1198 tam
279 1150 494 1198 inuenire
523 1151 675 1212 viam,
712 1160 997 1212 portamque
1028 1152 1084 1200 ad
1120 1151 1424 1214 intelligenda

152 1229 198 1277 &
225 1230 452 1291 capienda
479 1243 581 1277 vno
609 1229 735 1290 quafi
777 1231 954 1278 obtutu
995 1232 1188 1293 potiora
1211 1266 1226 1291 ,
1273 1242 1423 1290 eaque

149 1310 417 1358 difficillima
445 1307 705 1370 systematis
736 1311 886 1357 totius
907 1322 1177 1371 momenta,
1212 1325 1315 1371 quae
1347 1323 1423 1356 an?

145 1389 363 1451 ticipatio
406 1389 613 1437 multum·
648 1388 754 1435 sane
804 1389 1020 1450 proderit
1059 1391 1108 1437 in
1148 1388 1422 1437 facilitando

150 1466 395 1530 progreffu·
408 1481 493 1526 per
512 1467 763 1512 interiores
782 1468 992 1514 eiusdem
1005 1468 1223 1514 recessus,
1265 1469 1426 1533 Quem

150 1546 277 1593 enim
304 1558 404 1591 non
431 1552 608 1590 terreat
635 1542 890 1591 Botanices
921 1546 1127 1594 tironem
1160 1545 1421 1605 amplitudo

150 1623 328 1687 campi,
362 1635 504 1683 quem
531 1623 714 1670 emetiri
740 1624 953 1685 iubetur,
996 1623 1040 1670 δε
1067 1625 1145 1684 qui
1173 1634 1332 1672 tamen
1355 1623 1425 1684 sy-

147 1703 390 1752 stematice
433 1702 648 1750 nondum
697 1703 941 1751 oidinatus
989 1705 1162 1752 limites
1219 1704 1427 1766 agnoscit

146 1784 306 1832 nullos
328 1819 347 1844 ‚
401 1797 545 1844 quem
578 1797 679 1830 non
726 1793 895 1831 contra
926 1784 1061 1831 iuuet
1082 1821 1097 1845 ‚
1149 1787 1425 1845 excitetque

146 1861 283 1914 laetus
325 1863 451 1911 idem
484 1878 710 1924 campus,
763 1864 820 1912 ad
860 1864 1128 1912 facillimam
1171 1880 1300 1912 nunc
1340 1880 1426 1926 per

149 1945 432 1994 methodum
462 1943 804 2004 systematicam
830 1945 896 1991 ita
928 1955 1241 2005 praeparatUS,
1278 1945 1323 1992 &
1348 1960 1427 1992 ex-

151 2031 306 2070 aratus
342 2022 666 2084 cognitionem
696 2037 781 2083 per
806 2022 967 2084 iugera
991 2021 1176 2081 omnia,
1215 2021 1422 2070 cunetas-

151 2115 246 2162 que
275 2102 410 2160 liraS,
445 2113 503 2148 vt
526 2101 800 2162 paucissimis
835 2101 1056 2165 greffibus
1090 2102 1181 2148 iam
1214 2116 1425 2162 permea-

150 2193 201 2225 re
231 2189 455 2236 omnem,
502 2176 547 2222 &
587 2191 645 2223 ex
676 2190 777 2224 vno
816 2179 938 2238 quasi
972 2177 1150 2238 puncto
1187 2179 1243 2224 ad
1274 2179 1422 2226 lineas

149 2269 344 2316 omne8‚
394 2254 772 2315 quaquauorsum
809 2255 965 2303 du<Stas
995 2257 1264 2320 prospicere
1296 2273 1430 2307 com·

147 2334 291 2386 mode
317 2336 485 2394 liceat,
521 2334 744 2396 facilique
775 2337 922 2383 oculo
942 2335 964 2379 2

243 2421 416 2485 Agite,
452 2421 666 2468 fruamur
699 2435 788 2468 nos
817 2421 888 2470 his
917 2421 1124 2483 deliciis,
1171 2427 1422 2485 peruolua-

148 2515 251 2550 mus
277 2500 421 2562 ipsam
448 2499 570 2547 Clar.
601 2500 828 2548 Auctoris
848 2499 1115 2564 Tabulam,
1152 2519 1256 2564 quae
1279 2507 1421 2553 nobis

151 2582 333 2629 clauem
359 2579 482 2628 hanc
506 2579 798 2644 filppeditat',
845 2596 906 2632 en
935 2583 1038 2630 haec
1073 2585 1171 2633 eius
1205 2585 1275 2633 est
1299 2587 1421 2634 Scia-

148 2661 361 2726 graphia:

744 2727 786 2775 E
814 2745 841 2790 3
1271 2730 1419 2780 CLA-
1665 2720 1687 2745 ⁹
