1881 3137
613 70 1085 162 pRoLons
1522 117 1560 178 9

143 224 326 300 paffim
348 223 437 279 soli
458 223 675 280 culturae
706 224 996 288 debentur,
1038 223 1102 280 ad
1124 222 1400 280 essentiales
1421 238 1562 281 certe

141 311 316 376 floris,
366 313 452 369 vel
485 312 895 372 frustificationis
924 329 1097 388 partes
1128 331 1237 370 non
1268 315 1559 387 pertinent,

137 401 357 458 admittit
385 403 497 460 haec
526 405 812 461 methodus
837 402 1103 461 artificialis
1124 402 1415 477 specierum
1438 402 1553 460 sub·

138 490 442 549 diuisionem
467 494 519 549 in
540 496 844 557 varietates,
887 493 1008 550 tales
1041 493 1292 548 nimirum
1326 492 1550 565 plantas,

136 601 257 658 quae
280 585 345 640 ab
367 584 464 642 hac
480 620 496 648 ,
536 585 725 660 illaque
750 585 914 659 specie
936 582 1136 639 nonnisi
1159 579 1551 638 accidentalibus

138 672 501 732 huiuscemodi
520 675 569 731 se
591 675 905 749 distinguant
924 671 1323 734 discriminibus,
1348 687 1549 745 neque,

137 778 611 838 quantumcunque
639 762 826 820 feriant
853 761 1000 836 vulgi
1026 759 1218 824 sensus,
1257 761 1435 834 magni
1455 759 1550 832 Sy-

141 851 430 909 stematicos
454 853 588 909 inter
611 851 1141 909 Eruditosmomenti
1164 848 1264 906 esse
1286 849 1547 905 videntur.

247 943 317 1000 Et
347 942 598 1000 haetenus
629 943 845 1020 quidem
869 941 1036 1005 reRe,
1083 954 1341 1016 quantum
1361 941 1442 1003 iis,
1486 956 1551 995 ex

139 1049 296 1107 aequo
327 1031 517 1089 harum
550 1034 640 1107 qui
670 1034 834 1106 pretia
864 1048 1048 1089 rerum
1070 1030 1320 1086 aestimare
1341 1026 1552 1085 consue-

141 1135 335 1178 uerunt
355 1155 372 1185 ,
418 1122 644 1179 iudicare
675 1121 827 1194 licet3
893 1118 1041 1195 quod
1071 1137 1203 1177 vero
1232 1116 1551 1182 desiderant,

142 1212 470 1285 praecipuum
511 1208 615 1266 hoc
655 1208 763 1265 est:
819 1208 1155 1266 artificialium
1197 1206 1553 1280 Systematum

137 1300 415 1364 Aufi'tores,
429 1299 672 1374 improba
683 1299 929 1356 industria
947 1297 1557 1359 eminentisfimos‚videri

142 1404 318 1447 tamen
351 1391 534 1463 paffim
565 1392 716 1448 nimis
745 1390 999 1448 indulsisse
1029 1390 1251 1465 impetui
1282 1387 1555 1452 nectendi,

144 1477 409 1554 huiusque
430 1479 573 1535 causa
594 1478 679 1535 hic
701 1478 852 1539 &ibi
873 1478 966 1534 sub
989 1496 1089 1535 vna
1114 1478 1259 1534 classe
1280 1513 1295 1539 ‚
1336 1495 1556 1552 vnoque

145 1568 358 1630 ordine,
396 1582 505 1622 non
529 1568 702 1622 minus
724 1586 782 1623 ac
802 1584 1032 1640 genere,
1070 1567 1106 1621 s1
1127 1583 1235 1622 non
1259 1567 1352 1622 sub
1372 1567 1557 1624 iisdem

145 1657 438 1734 speciebus,
477 1662 538 1717 &
577 1657 908 1714 varietatibus
938 1656 1184 1714 admififfe
1223 1659 1370 1713 omni
1400 1655 1557 1721 facie,

146 1748 434 1822 habituque
474 1745 832 1803 diuerfiffimas
852 1782 869 1810 ,
924 1752 985 1807 δε
1026 1747 1157 1804 adeo
1189 1765 1217 1803 a
1250 1747 1298 1803 se
1330 1749 1556 1804 inuicem

145 1838 485 1911 discrepantes
513 1837 739 1911 plantas,
786 1852 845 1893 vt
868 1837 1071 1910 primus
1102 1834 1390 1891 earundem
1420 1834 1557 1909 aspe-

146 1928 262 1986 &us
292 1926 613 2002 obloquatur
645 1923 971 1982 manifestam
999 1923 1154 1999 ipfius
1181 1923 1401 1980 Naturae
1433 1934 1558 1975 con-

150 2017 509 2074 tradiffionem
529 2053 546 2081 ,
593 2017 815 2074 Naturae
845 2017 951 2073 illas
981 2017 1209 2073 maxime
1239 2012 1432 2071 adfines
1470 2008 1559 2066 de-

151 2106 382 2165 clarantis
400 2141 417 2169 ,
455 2123 572 2179 quae
596 2106 889 2180 potioribus
912 2120 1053 2162 certe
1074 2139 1090 2167 ‚
1131 2122 1306 2179 neque
1331 2100 1559 2158 acciden-

151 2197 334 2256 talibus
363 2210 565 2253 tantum
584 2199 786 2252 externi
807 2196 1012 2252 habitus
1033 2194 1417 2252 conditionibus
1435 2207 1559 2249 con-

150 2288 384 2346 ueniunt.
461 2285 715 2341 Praeterea
739 2284 1075 2342 obseruatum
1095 2283 1308 2346 volunt,
1332 2284 1422 2358 qui
1439 2299 1561 2339 con-

154 2394 233 2436 tra
253 2376 520 2451 systemata
542 2375 655 2433 haec
678 2374 945 2432 artificialia
966 2410 983 2438 ,
1023 2375 1375 2433 Linnaeanum
1404 2374 1562 2448 inpri-

157 2470 254 2524 mis
276 2467 555 2540 excipiunt,
577 2465 874 2524 Auctorem
903 2465 1183 2541 systematis
1205 2464 1277 2522 sui
1298 2466 1449 2522 nimis
1470 2464 1571 2520 stu·

158 2557 361 2616 diosum
381 2590 399 2624 ,
446 2570 792 2633 tenacemque
820 2556 1068 2617 admisisse
1099 2555 1284 2633 paffim
1315 2553 1580 2702 13136ῑαῖἰὲ

846 2646 886 2705 Β
