1881 3137
294 155 343 216 ‘¹8
777 140 1259 200 PROLOGVS.

312 270 498 327 iiffima
529 264 796 339 elegantiae
824 297 840 326 ,
885 278 1209 338 ornatusque
1231 298 1248 327 ,
1297 277 1490 321 catenae
1510 299 1526 327 ,
1569 280 1739 324 nexus

312 356 667 418 concinnitatis
698 370 807 409 non
831 356 1006 409 minus
1027 387 1043 415 ,
1083 370 1142 408 ac
1170 350 1414 409 facilitatis
1432 389 1449 417 ,
1489 368 1740 429 promant

312 452 491 526 primo
544 445 833 504 constantes
857 478 871 506 ,
933 441 1329 515 fimpliciffimos
1376 444 1699 502 characteres
1723 479 1740 509 ‚

313 541 553 618 plurimis
575 552 916 597 communes,
941 536 1032 608 qui
1053 532 1220 589 claffes
1242 531 1492 597 fundent,
1516 536 1594 593 his
1615 536 1746 597 dein,

314 633 505 692 addant
517 644 692 688 vnam,
707 624 993 680 alteramue
1015 640 1211 678 nouam
1226 623 1739 688 determinationem,

312 726 491 783 itidem
517 718 782 777 constante
805 714 1039 789 quodam
1067 712 1366 770 charactere
1392 716 1647 777 innixam,
1685 716 1740 770 in

305 815 496 876 multas
531 810 750 885 quidem
781 805 997 862 cadente
1030 803 1229 877 plantas
1248 838 1265 867 ,
1343 804 1516 859 multo
1560 820 1738 863 tamen

312 908 587 984 pauciores
607 936 622 964 ‚
661 917 719 955 ac
751 896 977 953 clafficus
1010 893 1277 951 character
1303 928 1320 956 ,
1370 913 1537 969 eaque
1566 895 1738 950 deter-

312 1000 528 1058 minatio
550 994 705 1050 seruit
728 986 1032 1045 stabiliendis
1056 985 1353 1048 ordinibus,
1391 988 1457 1041 ita
1480 1004 1738 1044 numerus

313 1111 366 1151 v.
381 1110 422 1148 e.
448 1086 714 1164 quinarius
737 1081 1019 1137 staminum
1042 1079 1094 1132 in
1117 1078 1371 1153 plurimas
1392 1078 1577 1134 cadens
1591 1079 1739 1153 plan-

310 1202 415 1248 tas,
454 1177 721 1240 character
743 1173 816 1229 est
847 1171 1083 1229 constans
1104 1205 1120 1233 ,
1159 1168 1386 1226 classicus
1407 1170 1737 1245 pentandria-

311 1296 437 1343 rum
459 1272 663 1333 Linnaei
681 1303 696 1333 ,
736 1265 903 1324 addita
929 1263 1293 1319 determinatio
1328 1280 1393 1318 ex
1426 1266 1581 1320 vnico
1604 1281 1740 1337 prae-

310 1370 451 1427 sente
480 1362 667 1440 pistillo
699 1362 752 1415 in
777 1355 1113 1432 paucioribus
1145 1354 1317 1410 multo
1345 1354 1529 1428 plantis
1553 1356 1738 1418 obuia,

313 1477 434 1535 quae
463 1468 641 1512 tamen
675 1464 860 1502 omnes
886 1447 1063 1518 primo
1085 1479 1102 1506 ,
1141 1444 1342 1499 claffico
1373 1446 1581 1499 criterio
1611 1463 1740 1519 gau·-

313 1553 441 1611 dent
462 1582 479 1610 ,
529 1539 940 1600 fundamentum
984 1534 1164 1589 sternit
1206 1533 1399 1589 ordinis
1419 1567 1438 1597 ,
1485 1536 1739 1597 nimirum

312 1635 746 1720 pentandriarum
769 1627 1221 1699 monogyniarum
1234 1658 1250 1688 ,
1300 1625 1420 1698 quia
1443 1623 1559 1681 sunt
1582 1628 1737 1686 etiam

312 1732 567 1808 dig-yniae,
608 1721 872 1796 trigyniae‚
909 1717 1246 1790 tetragyniae,
1267 1718 1624 1790 pentagyniae,
1647 1718 1740 1775 he-

309 1824 548 1899 xagyniae
569 1853 585 1880 ,
635 1812 980 1889 polygyniae3
1039 1807 1385 1882 progreditur
1424 1808 1739 1877 methoduS,

310 1910 595 1976 adiiciendo
642 1921 810 1963 nouas
855 1901 1318 1959 determinationes
1336 1933 1353 1962 ,
1402 1899 1739 1973 paucioribus

316 2015 515 2070 iterum
545 2011 863 2057 communes
885 2027 902 2057 ,
952 1996 1016 2052 &
1045 1990 1226 2066 plures
1255 1988 1408 2046 simul
1439 2007 1470 2046 e
1501 1990 1737 2064 partibus

314 2090 722 2161 fructificationis
763 2085 1022 2144 desumtas
1046 2117 1063 2147 ,
1122 2099 1242 2156 quae
1282 2079 1463 2137 scilicet
1507 2081 1739 2141 seruiunt

316 2180 675 2244 construendis
696 2174 981 2253 generibus
1002 2208 1019 2236 ,
1059 2189 1185 2228 cum
1206 2187 1338 2227 vero
1362 2176 1423 2232 &
1445 2173 1506 2228 in·
1518 2171 1598 2228 his
1620 2191 1739 2248 par-

316 2279 455 2336 tibus
474 2290 630 2332 nouae
647 2280 928 2327 occurrant
947 2263 1266 2321 diuersitates
1276 2296 1293 2325 ,
1331 2262 1614 2320 collectura
1626 2282 1738 2321 me-

319 2366 517 2424 thodus
537 2361 671 2423 illas,
710 2374 839 2433 quas
862 2353 1105 2430 pluribus
1130 2350 1370 2407 obseruat
1394 2368 1735 2418 communes,

317 2472 514 2534 genera
536 2451 664 2509 secat
685 2452 740 2506 in
762 2446 979 2521 species,
1018 2448 1107 2507 δε,
1144 2459 1271 2500 cum
1301 2440 1384 2497 hae
1414 2460 1635 2518 quoque
1659 2443 1737 2502 lu..

315 2547 442 2604 dant
474 2537 852 2612 multiplicitate
883 2533 1130 2594 numeri,
1170 2530 1347 2587 odoris
1366 2565 1384 2594 ,
1422 2530 1639 2596 coloris,
1681 2534 1736 2590 in

308 2632 524 2700 corollis
545 2630 838 2707 praecipue,
874 2623 1210 2699 aliorumque
1227 2622 1594 2689 accidentium,
1617 2641 1737 2698 quae

1552 2712 1738 2790 paffim
