1881 3137
298 188 374 231 ρο
631 129 636 133 ’
781 163 1264 225 PROLOGVS

301 289 586 348 insisterem
606 323 622 354 ,
672 288 790 346 licet
829 305 939 345 non
975 289 1216 364 generica
1257 297 1463 343 tantum
1488 318 1504 348 ,
1553 283 1638 342 sed
1665 290 1729 347 δε

303 382 481 437 omnia
524 378 676 436 simul
723 380 938 435 nomina
985 375 1214 451 specifica
1253 374 1582 432 immutanda
1629 373 1730 431 effe

299 470 446 530 facile
467 470 850 544 praeuiderem,
890 466 1098 525 dudum
1121 468 1261 523 enim
1286 464 1567 539 pleraque,
1609 479 1728 521 tum

300 580 329 618 a
358 560 639 618 Veteribus
678 556 956 633 imposita,
1016 571 1132 612 tum
1176 574 1205 612 a
1243 553 1622 610 recentioribus
1656 555 1729 608 in-

302 647 544 707 troducta
581 650 795 704 nomina
830 645 960 702 mihi
1000 645 1390 719 displicuerant,
1431 642 1555 698 hinc
1586 642 1728 702 data,

302 743 441 804 &in
475 740 665 798 Critica
697 738 936 794 Botanica
958 753 1084 793 vere
1115 733 1468 791 demonstrata
1501 731 1729 797 affumfi,

301 832 499 905 reliqua
530 828 652 885 hinc
693 827 815 883 inde
847 825 1152 888 emendaui,
1195 828 1256 886 ὃ(
1292 823 1508 881 vlterius
1548 837 1725 878 emen-

302 922 428 979 dare
460 917 640 975 sedulo
667 917 883 973 adnitar.

415 1013 719 1085 Quartum,
783 1011 845 1066 ὃς
896 1005 1144 1079 quintum
1196 1001 1496 1077 Systematis
1558 1016 1728 1057 mem-

301 1104 493 1168 brum,
535 1111 776 1172 quorum
808 1096 954 1167 prius
979 1094 1185 1164 Species,
1224 1092 1482 1165 posterius
1509 1092 1726 1146 Varieta-

301 1202 371 1246 tes
405 1189 644 1251 exhibet,
682 1184 835 1242 simul
864 1184 1092 1248 tradam,
1132 1198 1319 1257 vtpote
1353 1186 1420 1239 ita
1455 1182 1637 1238 tradita
1665 1185 1727 1242 δε

272 1283 463 1352 ,mixta
504 1281 571 1336 ab
616 1272 1056 1336 Antecessoribus.
1175 1275 1384 1348 Species
1428 1273 1728 1347 plantarum

299 1366 602 1428 numerosas
634 1364 734 1421 effe
766 1362 1019 1438 agnosco,
1074 1361 1158 1419 sed
1191 1379 1385 1419 vereor
1416 1377 1619 1422 tamen,
1659 1374 1727 1412 ne

300 1460 525 1519 Botanici
559 1473 848 1514 numerum
879 1471 1062 1510 earum
1094 1454 1320 1508 nimium
1351 1452 1729 1524 multiplicaue-

299 1555 439 1624 rint3
501 1564 612 1623 quo
653 1549 794 1603 enim
837 1544 1047 1617 longius
1094 1543 1289 1600 recedo
1339 1542 1404 1599 ad
1438 1541 1728 1606 BauhinOS,

300 1658 498 1715 eosque
520 1674 535 1700 ,
586 1638 678 1712 qui
714 1636 875 1709 paul-o
909 1647 1027 1688 ante
1059 1632 1408 1706 scripserunt,
1459 1649 1524 1687 eo
1558 1633 1729 1687 mino-

300 1748 419 1787 rem
457 1728 756 1804 plantarum
801 1740 1090 1781 numerum
1130 1724 1358 1778 inuenio.
1473 1720 1728 1795 Casparus

301 1821 564 1879 Bauhinus
593 1818 770 1874 saltem
789 1851 805 1881 ,
856 1831 1028 1891 quum
1063 1814 1247 1888 stirpes
1282 1830 1469 1871 omnes
1503 1813 1730 1889 college-

299 1928 378 1975 rat
398 1946 413 1976 ,
464 1925 583 1968 ante
613 1924 740 1966 eum
779 1906 1057 1981 descriptas
1078 1942 1093 1968 ,
1144 1921 1255 1961 non
1288 1905 1420 1962 vltra
1454 1903 1538 1959 sex
1570 1904 1727 1961 millia

300 2000 474 2061 sistere
523 1998 711 2074 potuit.
827 1996 936 2070 Qi
990 1995 1111 2069 post
1160 2010 1287 2050 eum
1343 1994 1590 2050 vixerunt
1626 2008 1726 2066 per

302 2091 683 2166 quinquaginta
722 2087 832 2144 fere
862 2101 1028 2142 annos
1049 2119 1064 2148 ,
1115 2101 1275 2159 quam
1309 2100 1498 2158 paucas
1534 2083 1728 2140 adiece-

301 2177 463 2237 runt!
562 2178 753 2234 Fateor
803 2175 1091 2250 equidem,
1147 2175 1574 2248 Peregrinam-es
1617 2191 1726 2231 non

298 2285 469 2346 paruo
503 2269 708 2343 priores
739 2263 927 2323 auxisse
957 2279 1213 2325 numero,
1256 2263 1369 2326 sed,
1410 2262 1444 2318 fi
1477 2264 1578 2319 iam
1604 2278 1727 2320 con-

300 2360 511 2422 cedam,
552 2358 775 2414 totidem
810 2353 953 2412 forte
985 2353 1050 2410 ab
1080 2354 1136 2407 iis
1170 2352 1325 2408 mil'lia
1360 2372 1391 2409 e
1420 2354 1728 2427 regionibus

300 2451 491 2508 exteris
522 2447 668 2506 fuisse
701 2446 908 2504 inuecta
927 2480 943 2510 ,
1001 2444 1120 2500 licet
1155 2444 1334 2498 minor
1362 2443 1524 2518 longe
1559 2443 1726 2501 calcu-

299 2540 380 2598 lus
415 2538 605 2595 institui
635 2535 831 2611 poffet3
880 2536 1018 2596 im0,
1062 2531 1099 2586 fi
1131 2531 1329 2605 largior
1357 2531 1595 2607 insuper,
1644 2532 1724 2591 his

301 2627 442 2690 mille
462 2628 596 2689 vltra
619 2627 818 2702 plantas
846 2641 874 2680 a
894 2621 1101 2696 Caspari
1126 2621 1340 2680 Bauhini
1364 2639 1609 2700 tempore
1633 2622 1724 2680 de«.

1549 2718 1726 2788 inceps
