1881 3137
398 62 1013 126 AMENTACEAE.
1243 79 1349 138 103
1415 104 1418 105 ν

64 191 289 252 minore,
340 188 452 237 hinc
495 186 659 247 resta,
706 186 815 233 inde
853 186 1060 234 dilatata.
1137 185 1217 233 Ab
1256 186 1346 233 hac

69 268 174 320 abie
223 286 323 321 non
375 271 627 320 difficulter
684 269 918 332 distingui
954 270 1115 334 potest
1167 271 1346 334 Pinus,

71 368 176 414 quae
208 354 396 415 quidem
425 353 604 415 pariter
635 348 845 413 masculos
879 353 1022 400 flores
1059 354 1105 400 in
1131 364 1347 399 racemos

72 434 270 481 exhibet
311 432 555 494 dispofitos
583 467 599 493 a
652 431 731 479 sed
777 432 1078 482 manifestum
1118 440 1350 494 praeterea

70 511 370 579 perianthium
400 512 745 575 tetraphyllum
762 550 777 575 ‚
817 512 1053 561 caducum
1072 548 1088 574 ‚
1120 511 1350 571 filamenta

72 600 302 661 plurima,
337 594 546 648 corollam
583 595 765 655 vbique
790 596 999 655 nullam,
1025 591 1242 655 femineos
1264 591 1349 638 flo-

77 697 153 730 res
178 683 226 728 in
246 680 417 743 globos
440 675 684 737 dispositos
699 711 714 735 ,
750 673 936 741 calycem
959 677 1198 724 formante
1222 687 1350 720 cono
1405 666 1408 670 ⁴

78 759 347 816 communi,
383 756 646 814 subouat0‚
685 755 885 818 squamis
912 757 1110 804 bifloris.
1183 755 1350 811 Conus,

79 840 160 901 qui
188 834 393 884 fructum
412 831 646 894 ‘exprimit
665 869 681 894 ,
718 843 776 881 vt
806 835 855 882 in
880 833 925 882 se
943 870 958 895 ‚
994 835 1061 882 ita
1090 834 1135 880 ἃ
1165 834 1353 881 ratione

77 923 169 968 suae
199 918 333 965 nucis
365 914 553 978 prorsus
589 917 821 964 conuenit
858 932 967 965 cum
993 917 1126 963 conis
1155 915 1351 973 abietis,

76 1004 224 1052 habet
258 1010 417 1049 autem
454 999 502 1045 id
542 1000 685 1046 etiam
724 999 955 1061 singulare
988 999 1163 1060 Pinus,
1204 1007 1263 1045 vt
1295 1013 1354 1045 ex

46 1070 332 1129 ‘obseruata
361 1077 558 1126 sollicite
589 1079 886 1140 germinandi
924 1081 1111 1127 ratione
1144 1090 1357 1140 apparet,

80 1162 212 1224 quod
251 1168 419 1208 contra
470 1173 654 1207 morem
706 1161 900 1208 aliarum
949 1162 1218 1222 plantarum
1243 1195 1258 1219 ,
1314 1157 1359 1204 &

84 1243 306 1303 exemplo
342 1252 473 1290 certe
506 1255 736 1302 perquam
767 1253 876 1290 raro
907 1237 1233 1305 polycotyledon
1269 1237 1360 1285 effe

79 1322 366 1373 inueniatur.
435 1319 678 1366 Vltimum
700 1318 840 1366 huius
866 1318 1044 1367 ordinis
1068 1319 1357 1379 exemplum,

82 1408 127 1453 &
147 1415 294 1466 genus
317 1398 411 1445 est:
453 1397 698 1459 luniperus,
736 1398 792 1443 ad
816 1413 957 1456 quam
976 1399 1196 1445 referunt
1220 1397 1361 1444 etiam

81 1480 378 1526 recentiores
425 1475 612 1525 Cedrum
645 1475 984 1527 Tournefortii
1006 1513 1021 1539 ‚
1074 1480 1119 1525 &
1150 1474 1363 1526 Sabinam

83 1558 318 1607 Boerhauii
342 1593 357 1617 ‚
397 1572 536 1618 quam
562 1554 908 1619 posteriorem,
944 1561 993 1608 in
1013 1561 1163 1609 hortis
1192 1560 1362 1621 iugiter

82 1639 324 1685 virentem
354 1635 541 1683 Aufftor
570 1635 731 1683 noster
761 1651 868 1686 cum
899 1640 1099 1687 Linnaeo
1122 1649 1271 1685 vocat
1296 1639 1361 1684 iu·

80 1720 302 1780 niperum
339 1714 466 1762 foliis
502 1716 690 1762 inferne
728 1718 938 1779 adnatis,
977 1718 1361 1779 oppositionibus

83 1795 425 1846 concatenatis.
496 1792 580 1840 Est
601 1803 760 1843 autern
782 1798 983 1859 iuniperi
1005 1813 1153 1860 genus
1179 1814 1203 1844 e
1228 1797 1365 1846 classe

85 1874 385 1934 dioeciarum,
420 1873 890 1935 monadelphiarum,
928 1875 1065 1923 cuius
1094 1889 1187 1923 mas
1209 1890 1364 1923 amen-

83 1972 139 2010 to
178 1959 343 2007 insidet
383 1960 555 2004 conico
578 1993 594 2018 ,
642 1958 890 2006 constante
931 1961 1061 2009 rachi
1093 1963 1360 2020 communi,

87 2043 164 2092 cui
196 2053 291 2087 tres
322 2039 464 2085 flores
500 2041 706 2099 oppositi
736 2042 909 2100 triplici
945 2043 1248 2103 oppositione
1287 2061 1362 2106 ap-

83 2130 334 2186 ponuntur
361 2153 376 2177 ‚
422 2119 707 2165 terminante
741 2120 928 2166 decimo
966 2132 1207 2170 amentum
1231 2162 1245 2184 ,
1281 2125 1365 2172 sm-

83 2208 180 2272 guli
221 2214 381 2252 autem
428 2199 611 2247 flosculi
652 2213 742 2260 pro
785 2201 879 2248 basi
919 2201 1100 2249 habent
1127 2199 1366 2267 squamam

83 2288 265 2343 latam,
320 2282 518 2362 bregem
543 2314 559 2339 ‚
616 2282 974 2327 incumbentem
1011 2280 1247 2342 pediceHo
1287 2297 1365 2330 co·

88 2365 263 2412 lumnae
303 2359 442 2408 affixo
463 2395 478 2420 ,
515 2359 679 2408 corolla
718 2359 838 2408 nulla
871 2361 938 2408 est
960 2397 975 2422 .,
1013 2363 1208 2425 stamina
1240 2380 1363 2415 vero

89 2439 340 2488 filamentis
379 2441 426 2486 in
460 2439 657 2488 flosculo
698 2443 1019 2505 terminatrice
1062 2443 1212 2491 tribus
1251 2460 1364 2495 con·

90 2519 240 2580 stant,
278 2519 529 2581 subulam,
565 2522 751 2572 inferne
784 2522 966 2572 coalitis
996 2524 1044 2574 in
1079 2539 1229 2575 vnum
1262 2541 1363 2573 cor-

1242 2619 1331 2667 pus
1345 2621 1360 2664 ε
