1881 3137
433 180 438 183 *
517 182 990 242 PRoLons
1400 204 1470 263 35

58 303 376 361 constructio
396 338 411 366 ‚
461 304 526 358 ita
563 308 623 363 ὃ(
655 305 922 377 impreffio
951 306 1180 378 palmam
1214 312 1475 384 praeripiat

60 395 296 469 reliquiS,
339 411 640 466 eorumque
674 395 770 449 tale
804 395 862 450 fit
895 393 1329 461 fundamentum,
1371 400 1474 457 fine

61 503 171 558 quo
205 486 292 539 vix
335 483 407 538 est
446 483 684 556 postibiie
704 519 718 545 ,
759 503 953 558 genera
988 490 1047 544 δε
1083 487 1272 559 species
1307 490 1372 543 ita
1406 491 1470 545 di-

58 589 283 645 gerere,
347 589 403 627 vt
444 572 515 627 ob
556 570 812 646 insignem
856 591 1040 629 rerum
1080 574 1471 632 multitudinem

58 661 216 716 chaos
248 665 474 717 euitetur
493 697 508 725 ,
549 662 857 718 obscuritate
889 680 998 717 non
1028 663 1332 736 penetrabili
1361 683 1471 722 mo-

61 749 398 805 lestissimum.
479 752 690 815 Tace0‚
720 751 866 825 quod
887 753 987 825 ipsa
1010 751 1194 826 positio
1216 753 1472 819 claffium‚

61 839 422 909 ordinumque
442 872 457 898 ,
509 854 607 911 per
635 840 878 913 exempla
907 841 1250 912 exprimenda
1282 843 1474 898 intelle-

61 925 206 989 ἃυί,
268 930 328 985 ὃς
367 925 629 998 infigenda
670 930 942 984 memoriae
982 928 1210 1001 plurima
1254 947 1350 985 nos
1388 934 1476 987 vix

60 1014 392 1070 aduertentes
436 1015 621 1071 doceat
667 1033 898 1089 genera,
960 1021 1021 1076 ὃς
1073 1016 1285 1072 noscere
1329 1015 1475 1074 faciat

59 1103 248 1179 species
281 1103 468 1159 multas
493 1140 506 1166 ‚
566 1122 682 1177 quae
715 1120 919 1161 tantum
964 1122 1073 1160 non
1106 1105 1230 1160 nihil
1270 1109 1476 1180 agendo

63 1195 116 1249 in
159 1208 398 1249 mentem
445 1192 676 1248 nostram
714 1196 969 1255 veniunt,
1037 1193 1214 1267 ibique
1249 1212 1479 1254 manent.

61 1288 302 1349 Accedit,
341 1284 489 1360 quod
514 1284 670 1340 semel
695 1287 909 1357 cognitis
934 1284 1168 1341 ciaffibus
1202 1290 1260 1345 &
1285 1286 1477 1343 ordini-

63 1373 188 1441 buS,
230 1375 454 1430 cuiusuis
484 1372 611 1429 boni
632 1373 934 1447 systematici
954 1372 1200 1431 Auctoris
1225 1370 1475 1450 frequens

62 1461 243 1523 leE’tio,
282 1479 385 1516 vna
415 1479 539 1516 cum
569 1462 765 1516 crebris
795 1463 1210 1536 archetyporum
1235 1466 1479 1520 examini-

60 1549 188 1618 bus,
228 1548 477 1605 leuiffima
514 1547 922 1606 manudustione
953 1552 1158 1614 adiutis,
1201 1559 1479 1624 genera&

16 1691 18 1693 a
59 1639 249 1715 species
281 1639 412 1695 adeo
464 1634 669 1693 facilitet
698 1640 971 1694 memoriae
993 1673 1008 1702 ,
1063 1656 1122 1696 vt
1155 1639 1306 1695 breui
1347 1657 1478 1698 tem-

60 1747 195 1805 pore
229 1724 502 1785 difficultas
530 1725 611 1783 illa
643 1728 839 1790 omnis,
883 1745 1045 1802 quam
1084 1725 1186 1785 sola
1224 1731 1482 1791 mentitur

61 1838 172 1878 non
206 1819 427 1876 ordinati
457 1819 628 1892 campi
663 1817 983 1892 amplitudo,
1025 1820 1302 1876 euanescat.

171 1942 352 2014 Qare
375 1936 630 1995 suffecerit
652 1938 769 1994 heic
789 1936 960 1994 classes
990 1938 1306 2012 ordinesque
1336 1939 1478 2015 plan-

62 2045 237 2087 tarum
265 2028 499 2086 distincte
534 2026 642 2084 satis
675 2027 996 2102 proposuisse
1015 2062 1032 2092 ‚
1079 2046 1204 2085 cum
1235 2047 1354 2103 quae
1384 2049 1474 2106 ge-

65 2137 190 2178 nera
220 2118 335 2175 sunt
367 2134 577 2177 earum,
616 2117 804 2189 species
838 2122 900 2178 &
933 2120 1227 2181 varietates,
1266 2138 1296 2175 e
1326 2118 1477 2195 scrip-

65 2212 125 2266 tis
159 2209 361 2265 Linnaei
385 2242 400 2270 ,
450 2206 783 2278 aliorumque
812 2209 1111 2263 recentioris
1147 2212 1245 2265 aeui
1277 2208 1474 2267 Botani-

63 2317 253 2356 corum
301 2310 517 2371 promte
550 2295 721 2368 colligi
761 2293 990 2368 poffint,
1049 2303 1110 2358 &
1149 2299 1229 2355 his
1262 2296 1480 2374 quidem

62 2393 130 2447 ita
171 2389 219 2445 se
259 2386 742 2446 accommodauerit
776 2384 1096 2442 Clariffimus
1137 2389 1342 2446 Austor
1384 2411 1476 2448 no-

66 2479 195 2540 ster,
236 2493 295 2533 vt
326 2476 598 2530 retinuerit
630 2487 835 2528 tantum
875 2490 983 2529 non
1017 2475 1218 2551 vbique
1250 2496 1355 2534 tam
1387 2498 1478 2553 ge·

66 2567 238 2622 nerica
259 2601 275 2628 ‚
324 2583 486 2639 quam
520 2563 747 2637 specifica
779 2563 981 2619 Linnaei
1013 2567 1278 2639 praecipue
1308 2572 1473 2623 nomi-

64 2672 159 2721 na,
199 2655 340 2713 vnde
378 2669 520 2710 tanto
551 2651 743 2710 facilius
779 2650 963 2716 fuerit,
1003 2653 1208 2712 aliunde
1237 2654 1480 2728 supplere

772 2740 819 2795 E
857 2760 892 2798 2
1307 2742 1481 2801 chara-
