1881 3137
144 1673 382 1731 ExplicatIO

445 207 552 266 194
758 189 1113 248 CLASSIS
1173 188 1411 246 xvm.

433 311 738 381 pobtanthcrae
774 327 940 360 omnes
980 320 1120 359 erunt
1153 312 1268 366 illae„
1306 326 1409 372 quae
1447 311 1724 362 constanter

438 396 611 456 plura,
669 409 810 456 quam
860 409 915 439 IO
964 392 1160 440 stamina
1207 393 1423 454 habent,
1470 402 1721 456 Vtcunque

438 492 633 542 magnus
671 487 885 524 ceterum
907 510 924 534 a
965 474 1048 521 Vel
1082 487 1257 534 paruus
1294 474 1438 521 fuerit
1469 489 1717 527 numerus.

437 559 597 607 Findit
640 556 829 604 Natura
873 552 1059 601 classem
1104 554 1226 601 hanc
1270 553 1319 600 in
1363 562 1459 601 tres
1496 554 1717 616 ordines»,

439 655 645 701 quorum
698 637 939 685 diuersitas
1000 634 1150 683 solum
1208 633 1418 694 sequitur
1470 636 1721 696 pericarpii

440 718 686 767 discrimen
710 752 725 778 ,
777 716 908 777 quod
941 714 1089 764 modo
1122 714 1319 775 simplex
1341 749 1357 775 ,
1407 714 1556 761 modo
1593 730 1720 763 com-

433 797 640 860 positum
666 834 680 858 ‚
717 797 866 844 modo
902 796 1087 845 nullum
1122 793 1190 842 est
1218 829 1233 854 ,
1272 796 1345 842 vti
1380 794 1463 842 has
1499 794 1718 843 differen-

431 875 519 921 tias
555 874 646 921 iam
680 875 889 937 germina
919 871 1215 938 praesagiunt.
1284 875 1363 922 De
1393 875 1580 936 reliquo
1604 876 1718 924 clas·

434 953 490 1001 fis
527 954 629 1001 haec
667 954 733 1001 est
774 954 1012 1016 ditiffima,
1060 956 1262 1017 plurima
1298 956 1508 1003 offerens
1544 970 1719 1019 genera

437 1031 481 1079 &
525 1031 739 1094 specieS,
792 1034 839 1080 in
894 1034 1151 1083 Germania
1207 1035 1376 1097 sponte
1424 1035 1717 1086 nascentium

432 1113 727 1176 plantarum,
766 1112 811 1161 &
846 1114 1083 1177 invhortis
1122 1116 1221 1164 eius
1259 1117 1509 1168 cultarum.

731 1291 912 1351 Claffis
939 1292 1127 1352 XVIII.
1184 1294 1316 1351 Ord.
1361 1310 1406 1352 1.

431 1409 1130 1475 POLYANTHERAE
1193 1414 1710 1476 PERICARPIO

859 1517 1276 1578 SIMPLICI.

492 1660 496 1666 ’
527 1655 751 1705 Inuenias
785 1657 834 1706 in
869 1658 965 1707 hoc
1000 1660 1189 1722 ordine,
1227 1670 1285 1709 vt
1318 1662 1367 1710 in
1399 1663 1592 1724 reliquis
1627 1678 1712 1725 po-

145 1729 814 1802 class-XV!11·lyantherarum‚
852 1742 1048 1791 stamina
1083 1744 1275 1805 quidem
1311 1744 1490 1805 multa,
1526 1743 1604 1791 sed
1628 1759 1708 1805 pe-

146 1782 250 1823 Ord.
284 1798 318 1825 1.

144 1840 392 1892 Polyantberae
422 1819 678 1880 ricarpium
712 1830 874 1870 tamen
908 1823 1133 1886 simplex,
1170 1825 1217 1871 id
1239 1822 1332 1882 est,
1371 1823 1598 1882 vnicum,
1638 1821 1706 1868 so-

145 1898 344 1945 pericarpio
421 1899 658 1960 litarium,
696 1914 805 1949 cum
839 1905 1087 1963 proximus
1120 1903 1242 1950 ordo
1279 1901 1473 1962 duplex,
1511 1901 1703 1961 triplex,

139 1945 303 1999 fimplici.

424 1976 708 2044 quintuplex
730 2014 745 2040 ‚
803 1980 849 2028 &
899 1982 1082 2030 maiore
1134 1990 1339 2030 numero
1387 1980 1704 2040 pericarpium

422 2057 531 2119 post
564 2056 609 2105 se
644 2059 918 2124 relinquat,
974 2062 1053 2111 hic
1087 2060 1294 2125 fingulos
1331 2059 1585 2120 floscu108,
1627 2069 1706 2107 vt-

423 2149 613 2196 cunque
642 2139 805 2187 multis
839 2139 1166 2204 superbientes
1200 2139 1477 2188 staminibus
1507 2139 1702 2188 Vnicum

422 2229 611 2268 tantum
657 2219 932 2269 constanter
978 2222 1157 2283 excipit
1200 2220 1531 2282 pericarpium.
1602 2217 1702 2266 Pri-

421 2314 553 2348 mum
573 2313 722 2362 genus
758 2311 933 2350 notatu
967 2301 1185 2365 dignum,
1222 2301 1319 2348 huc
1352 2301 1595 2361 pertinens
1632 2300 1701 2346 est

418 2378 645 2443 Mimosa,
682 2379 1023 2431 Tournefortii
1054 2381 1235 2441 acacia,
1272 2379 1418 2427 habet
1453 2379 1578 2427 enim
1611 2379 1695 2427 sub

417 2458 463 2507 se
496 2469 723 2522 tanquam
757 2463 961 2526 speeiem
1007 2464 1053 2510 &
1094 2461 1289 2511 acaciam
1331 2458 1567 2527 aegyptiam
1587 2493 1603 2517 ,
1649 2456 1695 2503 &

415 2542 611 2590 acaciam
652 2559 805 2594 veram
821 2578 836 2605 ,
889 2546 1019 2595 vnde
1065 2543 1265 2593 officinae
1296 2528 1693 2603 pharmaceuticae

401 2616 585 2681 succum
623 2627 784 2677 acaciae
833 2627 1014 2677 habent
1037 2660 1052 2687 ,
1107 2621 1319 2686 inprimis
1365 2635 1487 2670 vero
1535 2620 1694 2668 notari

1547 2702 1690 2750 etiam
