1881 3137
488 149 923 211 GRAMINA.
1273 163 1352 228 87

70 292 218 326 nera:
255 273 448 333 Holcus,
483 271 692 341 aegilops,
727 272 961 336 cenchrus,
997 289 1171 323 verum
1197 276 1243 324 &
1268 292 1345 326 ex·

73 362 239 410 hibere
280 356 436 421 paffim
487 356 694 419 gramina
720 391 736 417 ,
789 357 1072 419 simpliciora
1124 357 1345 419 quidem,

73 443 232 505 quoad
265 438 459 499 sexum,
504 435 582 483 sed
610 434 845 485 femineos
877 438 1021 485 flores
1052 439 1100 486 in
1134 435 1348 486 distincta

71 526 258 587 planta,
292 518 597 580 separataque
628 515 752 578 spica
782 518 1025 580 gerentia,
1061 516 1226 579 prouti
1247 517 1345 566 hoc

69 603 326 652 obseruare
359 602 645 664 quandoque
674 601 787 648 licet
813 601 862 647 in
896 600 1171 662 ampliflimo
1198 599 1340 650 huius

71 687 251 736 ordinis
293 700 502 749 genere,
553 685 684 745 quod
720 699 858 734 carex
896 686 1059 744 audit,
1103 682 1236 730 cuius
1266 684 1344 731 ali-

72 781 166 828 qua
202 765 377 826 species
415 764 559 810 flores
598 761 832 812 femineos
873 766 921 814 in
963 762 1175 811 distincta
1210 763 1342 810 locat

69 847 264 909 planta,
301 843 383 888 vel
415 840 537 902 spica
556 875 571 901 ‚
610 849 668 886 vt
694 843 896 902 proinde
925 843 1097 891 rectius
1138 842 1341 904 dioeciis.,

71 938 126 972 ac
153 921 396 971 monoeciis
427 920 723 967 adnumerari
754 921 922 982 poffet.

165 1001 327 1049 Habet
367 1000 555 1047 Auctor
600 1001 786 1048 nonnisi
833 1003 926 1051 0620
973 1001 1113 1050 huius
1160 1002 1338 1053 ordinis

62 1095 226 1148 genera
247 1115 262 1140 ,
310 1095 413 1141 quae
451 1081 515 1128 ob
558 1080 832 1141 dignitatem
871 1083 1084 1129 breuiter
1118 1082 1338 1132 indicasse

66 1174 169 1209 non
200 1160 484 1220 poenitebit3
525 1158 713 1206 initium
749 1160 865 1207 facit
899 1157 1069 1209 Holcus
1089 1198 1104 1221 ,
1146 1161 1342 1212 Milium

65 1239 278 1288 indicum
301 1240 576 1301 Matthioli.,
612 1240 794 1290 milium
822 1242 1220 1302 arundinaceum‚
1243 1243 1340 1293 siue

63 1321 274 1371 indicum
294 1357 309 1382 ,
358 1321 531 1369 semine
559 1320 859 1372 subrotundo
889 1321 1120 1382 Bauhini,
1160 1322 1341 1371 herma-

61 1404 296 1466 phroditis
339 1402 386 1450 &
417 1402 632 1451 masculis
667 1405 868 1453 fioribus
909 1405 958 1451 in
999 1402 1189 1450 diuersis
1220 1404 1339 1451 eius-

61 1486 172 1532 dem
200 1485 374 1545 plantae
406 1483 622 1529 thalamis
655 1484 936 1545 conspicuus
955 1519 971 1544 ‚
1007 1482 1106 1531 dein
1142 1482 1210 1529 est
1242 1497 1339 1531 cen-

57 1559 223 1624 chrus‚
262 1571 321 1608 vt
349 1563 519 1610 holcus
543 1597 559 1622 ‚
607 1565 879 1627 exemplum
916 1562 1200 1625 polygamiae
1236 1576 1338 1609 mo-

58 1644 222 1694 noeciae
246 1679 262 1703 ,
310 1643 423 1692 loco
465 1643 621 1690 calicis
658 1642 840 1691 habens
882 1644 1136 1691 inuolucra
1170 1643 1334 1706 plura,

52 1726 374 1791 perianthium
413 1734 575 1774 tamen
613 1724 879 1775 distinaum
905 1763 922 1788 .,
968 1743 993 1775 e
1026 1729 1184 1790 gluma
1220 1742 1333 1776 con·

52 1809 180 1857 stans
212 1804 417 1866 biualui‚
454 1807 587 1856 tertio
618 1806 711 1854 est:
747 1807 949 1874 aegilops,
987 1808 1075 1855 vbi
1100 1807 1331 1857 masculus

55 1890 148 1939 flos
182 1887 250 1935 est
281 1887 590 1935 intermedius
630 1889 771 1936 binos
808 1890 933 1936 inter
968 1890 1111 1937 flores
1150 1889 1332 1937 herma-

53 1969 307 2033 phroditos
345 1970 561 2017 laterales
585 2003 602 2029 ‚
655 1969 874 2031 adeoque
910 1971 1077 2020 itidem
1109 1971 1166 2019 ad
1193 1972 1333 2033 poly-

52 2049 228 2112 gamias
268 2048 451 2097 Linnaei
497 2051 754 2098 monoecias
801 2051 1080 2100 referendus
1102 2088 1120 2114 ,
1169 2062 1331 2118 quarto

53 2130 268 2192 sequitur
311 2127 426 2178 Coix
457 2158 471 2185 ‚
523 2129 802 2191 frequenter
853 2131 902 2178 in
954 2133 1106 2181 hortis
1164 2134 1328 2195 culta,

57 2211 219 2274 quoad
256 2212 450 2258 alteram
480 2209 712 2274 speciem,
751 2225 855 2272 quae
874 2214 1098 2280 Lacryma
1117 2213 1223 2276 Iob,
1248 2225 1331 2264 aut

53 2289 154 2343 lobi
182 2291 246 2338 ob
271 2302 466 2350 paruam
484 2325 500 2350 ‚
547 2289 593 2336 &
621 2293 858 2355 elliptico·
877 2294 1190 2344 acuminatam
1212 2331 1228 2358 ,
1262 2297 1330 2344 ni-

54 2377 336 2430 tentemque
377 2368 627 2430 pericarpii
654 2368 853 2432 figuram
875 2407 890 2434 ‚
928 2372 974 2419 δι
1001 2371 1326 2438 superficiem,

49 2451 312 2510 lacrymam
351 2447 411 2496 ad
450 2449 581 2497 oculi
620 2447 823 2500 'canthos
865 2453 1125 2502 haerentem
1155 2468 1328 2519 conge-

50 2530 197 2578 latam
231 2528 522 2578 referentem
560 2529 720 2583 Clufio
771 2534 1019 2584 dicebatur
1039 2569 1055 2596 ‚
1104 2534 1330 2584 Tourne-

49 2610 233 2673 fortiO,
271 2609 315 2669 δι
341 2610 626 2676 Boerhaui0‚
660 2612 1046 2678 Lithospermum
1079 2616 1328 2666 arundina-

1157 2708 1319 2759 ceum,
