1881 3137
574 148 1054 211 PROLOGVS
1450 169 1525 228 23

95 276 146 331 ei
179 288 290 331 non
321 273 500 348 ignota
533 273 631 329 erit
663 273 911 337 varietas,
949 288 1104 330 coma
1139 270 1245 329 siue
1277 270 1521 336 candida,

92 365 201 425 fiue
234 365 471 421 coccinea
503 362 803 439 superbiat,
859 363 1056 421 rubros
1087 361 1175 419 seu
1214 379 1522 438 purpureos

91 453 311 514 amistus
337 449 557 523 induat,
615 455 784 512 aureis
817 453 1040 512 demum
1061 487 1078 516 2
1143 450 1231 508 vel
1259 452 1519 526 argenteis

91 557 316 600 ornetur
345 541 534 600 limbis.
632 544 845 608 Immo,
884 543 945 599 fit
976 543 1171 606 maior,
1224 541 1284 598 fit
1312 542 1517 604 minor,

91 635 153 693 fit
183 632 362 691 fertilis
384 668 400 696 ,
442 633 502 690 fit
539 633 747 690 castrata
771 670 786 699 ,
827 633 1041 691 tandem
1080 647 1257 689 tamen
1285 630 1516 705 aliquan-

90 722 165 780 do
196 722 341 780 suam
373 723 568 797 prodet
601 721 866 781 familiam.
978 721 1228 786 Vtinam,
1268 736 1328 779 vt
1357 721 1515 784 alter,

86 810 155 867 ita
187 815 249 872 &
272 810 487 868 Vltimus
517 810 706 876 essem,
747 815 838 888 qui
863 811 1114 875 oneroso,
1154 829 1213 869 ac
1240 811 1374 868 taedii
1404 810 1516 886 ple-

87 916 160 956 no
191 899 372 956 labore
419 898 511 956 has
549 902 820 957 varietates
861 899 1242 964 adscriberem,
1289 916 1436 974 quae,
1475 898 1514 954 fi

85 990 237 1047 vsum
265 988 562 1063 spePoemUS
603 995 665 1052 &
695 991 1144 1066 pulcritudinem,
1191 990 1379 1066 plantis
1412 989 1511 1047 suis

84 1080 408 1138 naturalibus
441 1080 604 1155 longe
634 1079 909 1138 inferiores
940 1080 1207 1140 censendae
1236 1081 1378 1144 sunt,
1417 1080 1511 1138 nisi

84 1173 274 1236 decus,
315 1172 464 1248 quod
494 1173 622 1231 olim
655 1175 710 1231 in
742 1175 964 1238 virtute,
1005 1189 1149 1231 nunc
1180 1174 1235 1230 in
1258 1169 1512 1232 deformi-

83 1275 186 1321 tate
225 1258 486 1321 consistat!

191 1367 297 1425 Sed
324 1367 518 1424 restant
549 1365 763 1423 tandem
797 1368 1014 1425 nomina
1049 1366 1279 1442 specifica
1301 1404 1316 1432 ,
1356 1385 1510 1444 quae,

79 1457 170 1513 nisi
200 1457 374 1531 probe
407 1471 532 1512 nota
563 1456 660 1511 sint
688 1473 908 1529 genera,
948 1459 1181 1516 construi
1202 1473 1508 1532 nequeunt,

76 1564 202 1603 cum
248 1544 328 1600 his
372 1546 520 1618 prius
575 1542 939 1609 subordinari,
1001 1550 1064 1607 ὃς
1114 1549 1345 1622 propriis
1384 1548 1507 1605 dein

75 1633 465 1693 charaReribus
500 1633 743 1709 distingui
782 1634 1024 1692 debeant.
1138 1637 1298 1694 Vnde
1333 1651 1505 1712 patet,

72 1741 171 1782 cur
201 1723 412 1782 nullum
443 1741 654 1801 nomen
677 1742 705 1780 a
726 1724 1012 1781 Veteribus
1042 1743 1196 1801 aeque
1228 1745 1287 1784 ac
1309 1727 1505 1785 Recen-

69 1813 636 1888 tioribus-impofitum
656 1850 674 1878 ‚
732 1814 825 1871 nisi
873 1814 987 1871 casu
1028 1812 1251 1873 fortuito
1290 1817 1500 1875 bonum

65 1902 155 1968 fit,
192 1903 464 1961 subsistere
495 1903 686 1968 valeat,
736 1906 938 1967 immo,
980 1922 1076 1961 cur
1104 1905 1200 1980 ipfi
1233 1904 1501 1963 Doelbores

70 1993 422 2067 Systematici‚
462 2012 651 2052 omnes
682 2011 831 2052 antea
866 1997 957 2052 Rei
977 1995 1252 2053 Herbariae
1288 1997 1497 2054 Studio-

66 2084 147 2143 sos
175 2100 276 2158 per
309 2084 481 2142 classes
513 2099 748 2148 tantum,
789 2086 1000 2143 ordines
1018 2121 1036 2150 ,
1084 2090 1147 2147 &
1176 2103 1373 2162 genera
1407 2087 1496 2145 de-

66 2174 341 2239 duxerint,
386 2174 678 2230 monstrato
708 2189 886 2232 autem
924 2193 1123 2249 genere
1153 2175 1491 2234 deseruerint.

65 2265 258 2322 Fateor
292 2263 541 2339 equidem
564 2299 581 2327 ,
638 2263 801 2337 longe
838 2261 1033 2320 facilius
1077 2262 1179 2320 effe
1198 2299 1216 2328 ‚
1274 2264 1491 2329 decem,

63 2357 249 2430 viginti
269 2389 286 2418 ,
330 2354 416 2412 vel
447 2353 791 2430 quadraginta
819 2353 1012 2428 speeies
1043 2356 1259 2429 cognito
1287 2372 1488 2431 genere

61 2444 380 2520 distinguere
402 2480 419 2510 ‚
478 2461 643 2520 quam
678 2460 866 2501 omnes
904 2446 958 2501 in
1001 2444 1304 2502 vniuersum
1343 2445 1490 2520 plan-

60 2553 136 2596 tas
146 2571 163 2601 2
201 2541 263 2596 δε
296 2537 523 2611 proinde
555 2536 788 2595 multum
820 2535 1002 2594 deberi
1023 2535 1369 2612 Systematicis
1399 2552 1489 2592 an-

59 2627 430 2703 tecefforibus3
479 2628 566 2687 sed
600 2644 779 2687 tamen
810 2631 864 2687 in
883 2628 1266 2705 ‘cognoscendis
1296 2627 1488 2703 specie-

1383 2716 1484 2774 bus
