1881 3137
568 120 1060 181 PRoLons
1475 137 1544 198 19

115 261 357 308 merum,
379 241 466 301 vel
486 241 842 307 deficientem,
865 243 950 301 vel
973 242 1300 318 superfluum
1314 279 1329 307 ,
1368 261 1542 319 quum

115 341 219 416 ipsa
253 352 436 396 natura
472 336 632 393 flores
664 334 1062 412 monopetalos‚
1115 339 1178 396 δε
1209 335 1543 410 polypetalos

82 472 84 479 ·
115 436 168 489 in
198 429 383 488 eadem
412 428 579 504 specie
610 429 912 502 coniungat.
998 426 1142 483 Hinc
1165 459 1183 489 ‚
1222 441 1341 482 vtut
1373 428 1544 499 prima

115 521 176 578 fit
199 555 215 585 ‚
264 526 326 582 Bc
353 537 545 577 aeterna
588 519 641 574 in
675 519 928 576 Botanicis
961 515 1160 591 Regula
1181 551 1197 580 ‚
1257 517 1406 589 quod
1438 515 1544 589 spe-

117 614 244 674 cies,
285 629 405 687 quae
438 608 838 668 fruffiificatione
873 609 1227 669 conueniunt,
1269 610 1424 664 etiam
1455 625 1544 681 ge-

118 721 247 761 nere
280 704 556 776 coniungi,
597 705 660 761 &
691 718 810 776 quae
843 697 1243 757 fruetificatione
1267 697 1545 760 differunt,

119 794 278 849 etiam
314 809 514 866 genere
559 790 804 865 distingui
844 790 1105 858 debeant,
1157 787 1445 847 cautiffime
1479 804 1547 845 ta-

123 901 250 942 men
289 883 436 947 haec,
485 900 584 940 nec
617 882 708 938 nisi
743 881 1026 940 obseruatis
1057 880 1392 939 obseruandis
1421 880 1548 938 affu-

121 973 314 1031 menda
344 972 420 1029 est
431 1008 447 1037 ,
488 990 582 1036 ne,
623 972 754 1030 dum
786 990 813 1028 a
831 974 997 1046 priori
1026 987 1226 1029 naturae
1245 972 1390 1046 leges
1416 989 1548 1045 prae-

123 1062 394 1122 scribimus
404 1098 420 1127 ,
459 1063 512 1117 in
543 1060 900 1118 absurdiffima
933 1064 1134 1136 quaeuis
1161 1061 1465 1118 incidamus,

236 1153 402 1229 Qod
436 1153 618 1209 attinet
659 1151 725 1208 ad
754 1153 969 1209 nomina
991 1187 1008 1216 ‚
1069 1149 1355 1226 generibus
1384 1153 1555 1225 impo-

126 1244 327 1308 nenda,
369 1260 558 1301 ornnes
590 1240 706 1298 sane
735 1240 954 1317 species,
992 1259 1113 1317 quae
1143 1258 1341 1315 genere
1363 1257 1557 1297 conue-

125 1338 277 1394 niunt
311 1335 537 1398 eodem,
576 1334 771 1392 eodem
804 1352 1026 1410 quoque
1056 1336 1274 1392 nomine
1303 1336 1554 1410 generieo

125 1427 456 1501 defignandae
479 1427 622 1487 sunt,
667 1430 730 1485 &
750 1441 948 1482 contra.
1027 1426 1210 1482 Multo
1232 1444 1356 1483 cum
1381 1427 1554 1483 Scien-

125 1517 207 1572 tiae
239 1515 561 1571 detrimento
594 1530 778 1570 contra
820 1514 956 1571 hanc
985 1513 1164 1588 legem
1202 1531 1557 1589 peccauerunt

124 1605 468 1679 Antiquiores
500 1604 728 1661 Botanici
745 1639 762 1669 ,
826 1605 999 1662 donec
1031 1605 1285 1663 Linnaeus
1317 1606 1563 1682 exsurge-

126 1712 238 1761 ret,
280 1697 406 1770 qui,
445 1712 570 1752 cum
604 1694 811 1752 dudum
848 1696 1078 1764 viderat,
1116 1696 1414 1755 Botanicam
1446 1699 1560 1756 lon-

128 1807 201 1865 ge
239 1789 443 1850 minus,
493 1803 657 1861 quam
689 1787 1005 1844 credebatur
1035 1787 1204 1861 vulgo
1226 1823 1242 1850 ‚
1293 1789 1557 1847 excultam

126 1876 373 1936 nondum
407 1874 621 1932 culmen
661 1872 849 1932 feriiffe
879 1875 1152 1933 summum
1174 1911 1191 1940 ‚
1250 1874 1384 1933 hanc
1424 1895 1558 1953 quo-

127 1983 236 2040 que
265 1979 474 2042 partem
509 1967 618 2023 eius
648 1964 902 2023 illustrare
936 1963 1137 2022 adnisus
1178 1965 1253 2021 est
1283 1967 1337 2022 in
1367 1967 1557 2028 Critica

131 2056 406 2120 Botanica‚
447 2056 540 2113 vbi
594 2073 706 2113 non
762 2055 1077 2132 spernendas
1129 2055 1273 2113 dedit
1320 2059 1556 2134 regulas,

131 2149 275 2205 iuxta
317 2161 447 2220 quas
484 2145 599 2201 data
620 2181 636 2208 ‚
697 2146 783 2203 vel
827 2145 995 2202 danda
1029 2148 1244 2202 nomina
1276 2152 1558 2208 examinari

135 2242 198 2299 &
237 2235 501 2294 diiudicari
543 2234 785 2310 possent,
839 2254 905 2293 eo
939 2237 1157 2311 quidem
1189 2238 1449 2306 successu,
1501 2259 1559 2301 vt

133 2326 434 2405 pauciffima
476 2344 543 2383 ex
577 2343 644 2382 eo
676 2342 925 2401 tempore
956 2324 1074 2384 falsa
1102 2331 1319 2387 nomina
1357 2329 1559 2406 generi-

136 2419 238 2477 bus
269 2416 510 2493 impofita
540 2414 751 2474 fuerint.
839 2415 995 2490 Ego,
1055 2432 1115 2475 vt
1140 2437 1334 2481 verum
1371 2418 1557 2482 fatear,

138 2511 422 2586 postquam
457 2511 572 2567 haec
613 2527 795 2568 recens
833 2509 961 2567 iafi‘ta
998 2507 1341 2570 fundamenta
1380 2514 1559 2589 explo-

140 2618 382 2660 raueram
403 2636 420 2667 ‚
478 2620 589 2660 non
621 2603 711 2660 d1u
742 2601 1059 2670 deliberaui,
1107 2607 1191 2662 cui
1221 2604 1433 2662 tandem
1466 2606 1563 2661 viae

849 2690 898 2749 C
941 2708 980 2749 2
1489 2695 1565 2751 in-
