1881 3137
406 175 1011 241 AMENTACEAE.
1245 199 1350 242 xor

76 306 262 353 curuati
287 301 424 367 flores
460 311 690 363 promunt
726 303 892 365 singuli
933 310 1236 350 amentaceos
1269 302 1350 349 clu-

74 388 209 449 plicis
244 384 427 446 generis
450 417 465 442 ‚
504 383 619 429 alios
655 397 828 444 nempe
863 381 1067 429 maiores
1089 418 1104 442 ‚
1151 381 1349 430 suboua-

73 478 180 527 tm,
218 465 413 526 cypreffi
449 465 736 525 simillimos,
775 460 1052 524 masculinos,
1088 464 1203 510 alios
1226 480 1350 512 vero

73 550 282 597 minores
304 582 320 607 .,
358 560 384 592 e
421 544 498 593 sex
534 544 733 606 squamis
771 542 1074 601 constantes,
1101 540 1354 604 femineos,-

73 627 124 677 hi
164 641 323 675 annuo
365 625 515 687 spatio
558 621 837 673 excrescunt
865 625 914 671 in
952 624 1158 671 frufflim
1190 619 1351 667 subro-

76 710 281 760 tundum
308 746 323 771 ‚
380 709 697 758 dehiscentem
743 711 791 756 in
834 719 1077 769 quatuor,
1141 706 1224 751 vel
1271 704 1349 751 sex

76 795 287 856 squamas
329 803 494 840 ouatas
517 829 533 853 ‚
583 792 808 854 obtusas,
862 794 1057 855 lignoias
1083 827 1097 851 ,
1150 805 1175 837 a
1213 801 1350 852 tergo

75 875 198 922 infra
234 874 415 934 apicem
443 886 676 920 mucrone
708 885 916 919 reem-uo
949 881 1148 918 armatas
1169 907 1184 930 ,
1229 871 1351 916 intra

74 951 286 1012 squamas
321 964 443 999 vero
473 951 672 1013 singulas
709 949 793 998 duo
824 952 1155 1000 reconduntur
1177 950 1354 1014 semina

73 1028 399 1090 fiibrotunda,
445 1030 529 1075 vel
571 1027 771 1074 obuerse
814 1039 991 1090 ouata,
1038 1028 1268 1090 globosa,
1307 1026 1352 1070 &

77 1108 250 1172 grisea,
285 1107 375 1169 fic,
411 1118 469 1154 vt
499 1107 601 1154 haec
630 1106 805 1166 species
837 1109 1054 1168 a-priore
1083 1121 1174 1153 nec
1194 1106 1352 1163 ramis,

76 1209 169 1242 nec
199 1190 327 1240 foliis
353 1191 558 1237 multum
591 1187 814 1250 differat,
851 1188 934 1237 nisi
955 1224 971 1249 9
1011 1188 1141 1250 qued
1178 1188 1226 1233 in
1264 1188 1353 1234 hae

76 1276 239 1324 omnia
269 1274 358 1321 fint
392 1270 632 1332 craffiora,
671 1271 902 1333 inodora,
939 1272 984 1318 &
1010 1271 1192 1317 laetiore
1214 1267 1353 1316 suffu-

73 1355 121 1405 fa
148 1361 327 1405 virore.
399 1350 587 1401 Fruft‘us
622 1360 783 1399 autem
820 1361 931 1399 toto
976 1351 1097 1399 coelo
1137 1366 1163 1397 a
1196 1349 1355 1396 fruffli

74 1436 305 1497 proximae
344 1430 516 1490 speciei
563 1432 769 1492 vulgaris
818 1430 1010 1491 Thuyae
1043 1469 1058 1491 ‚
1108 1431 1156 1477 in
1199 1428 1357 1475 hortis

78 1516 218 1563 cultae
253 1508 459 1558 diuersus
495 1507 562 1554 est
584 1544 599 1569 a
648 1509 727 1555 hic
760 1510 883 1555 enim
920 1509 968 1556 in
1000 1511 1079 1557 issa
1108 1510 1250 1570 longe
1284 1517 1352 1554 te-

72 1598 216 1646 nuior
252 1591 353 1650 est,
399 1604 490 1636 nec
534 1589 667 1635 uncis
703 1591 913 1636 munitus
953 1591 1163 1636 incuruis
1189 1626 1205 1650 ,
1262 1602 1355 1634 nec

70 1678 215 1726 foetus
248 1671 389 1717 etiam
424 1667 675 1715 seminibus
715 1671 886 1716 ouatis.
971 1668 1076 1716 Vsu
1114 1669 1355 1717 medicato·

73 1752 295 1814 proxime
332 1749 512 1808 Thuya
552 1749 653 1796 haec
699 1750 924 1797 affimssari
974 1748 1096 1797 solet
1143 1748 1352 1812 Sabinae,

75 1832 246 1881 itidem
271 1831 552 1890 frequenter
577 1831 624 1876 in
649 1830 916 1877 Germania?
944 1829 1095 1876 hortis
1128 1831 1266 1876 cultae
1288 1831 1354 1876 iu-

76 1913 231 1974 niperi
261 1909 468 1971 speciei,
508 1919 637 1957 certe
671 1909 919 1969 qualitates
949 1909 1248 1969 balsamicas³
1285 1907 1355 1954 vi-

70 2006 243 2050 resque
280 1991 557 2051 aperitin-215,
597 2004 986 2052 einmenagoga5‚
1024 1990 1352 2036 carminatiuas

73 2083 184 2117 cum
232 2085 287 2116 ea
329 2070 611 2116 communes
656 2071 816 2118 habet.
919 2069 994 2116 Ex
1030 2070 1194 2117 eadem
1243 2082 1354 2117 cum

67 2152 250 2214 Thuya
290 2154 635 2200 monoeciarum
683 2150 1125 2211 monadelphiarum
1169 2153 1352 2199 Linnaei

71 2233 208 2280 ciasse
228 2227 447 2297 Cypreffits
466 2230 551 2290 est,
576 2231 709 2275 cuius
732 2230 906 2276 iterum
922 2231 1086 2290 aliquae
1109 2230 1285 2291 species
1303 2232 1352 2278 in

69 2313 337 2360 Germaniae
367 2312 518 2360 hortis
552 2312 815 2367 commum
863 2308 1041 2370 masculi
1069 2312 1351 2359 floreS‘heie

65 2394 116 2440 in
147 2403 388 2441 amentum
414 2401 613 2439 ouatum
633 2389 846 2451 congesti
868 2390 1000 2450 sunt,
1034 2390 1192 2451 sparsis
1218 2408 1243 2439 e
1264 2393 1350 2440 flo-

68 2471 198 2518 ribus
237 2471 554 2532 compofitum
577 2507 593 2531 ,
630 2469 850 2516 con-stans
886 2485 914 2516 e
941 2469 1142 2531 squamis
1175 2473 1349 2522 vniflo-

67 2551 166 2610 ris,
219 2551 447 2613 fingulare
489 2550 668 2598 habent
711 2549 759 2597 hi
801 2549 994 2598 masculi
1031 2548 1174 2598 fiores
1217 2554 1349 2611 hoc,

72 2627 204 2691 quod
227 2639 411 2679 careant
431 2628 697 2692 filamentis,
735 2626 779 2674 &
802 2627 997 2676 videtur
1024 2638 1191 2677 eorum
1216 2629 1351 2674 vices

641 2705 692 2755 N
724 2719 749 2767 3
1179 2720 1345 2770 gerere
