1881 3137
261 160 275 168 *
335 99 1130 202 DIPLOSANTHERAE.
1275 160 1380 220 193

110 272 241 326 grate
275 262 486 311 acidulus
521 260 704 308 frufitus
739 260 964 322 pulposus
998 262 1202 311 habetur
1224 301 1239 326 ,
1284 280 1381 313 me-

111 342 266 389 dicata
298 343 479 387 virtute
523 341 722 388 celebris
748 375 764 400 ,
815 340 991 387 claudit
1032 355 1197 403 agmen
1230 343 1382 408 caffia‚

110 423 241 468 cuius
283 421 371 467 alia
414 418 589 480 species
636 417 837 480 suggerit
876 422 1124 483 purgantia
1160 423 1238 469 illa
1261 422 1382 484 folia

105 500 249 560 sennae
283 498 577 547 officinarum
604 499 1093 560 pharmaceuticarum
1113 536 1129 561 ,
1173 504 1259 551 alia
1290 516 1383 554 cass

97 578 216 645 fiam
245 578 460 643 fistulam,
493 580 657 630 itidem
690 591 924 653 purgante
950 583 1134 631 virtute
1161 586 1348 636 claram.

537 854 947 915 Claffisxvm.

252 973 1234 1066 POLYANTHERAE.

177 1125 282 1172 dem
319 1125 539 1186 exprimit
581 1126 682 1174 fere
717 1129 1144 1189 polyantherarum
1188 1130 1384 1188 titulus,
1416 1130 1651 1185 Explicatio

210 1219 263 1252 ac
297 1204 686 1265 polyandriarum
720 1205 931 1268 Linnaei,
971 1215 1026 1254 vt
1063 1208 1190 1255 enim
1226 1183 1667 1255 antl1e-C¹²s⁵·XV¹¹¹·

111 1301 174 1334 1·ae
207 1285 313 1334 sunt
347 1285 596 1335 staminum
629 1295 815 1349 partes,
850 1289 917 1336 ita
944 1302 1241 1348 quaecunque
1261 1242 1667 1347 plan-Polyanthem

113 1379 173 1416 tae
222 1367 370 1415 multa
423 1367 603 1415 habent
657 1367 853 1416 stamina
874 1403 890 1430 ‚
961 1382 1022 1414 eo
1067 1366 1167 1428 ipso
1215 1368 1387 1415 multas

115 1449 346 1495 exhibent
399 1448 541 1494 etiam
594 1447 812 1496 antheras
833 1485 850 1508 ‚
929 1448 1153 1496 Linnaeus
1214 1447 1389 1493 dirimit

115 1527 304 1576 claffem
367 1528 490 1575 hanc
541 1528 589 1574 in
645 1529 805 1589 plures
831 1564 846 1590 ,
917 1527 1191 1590 incipiendo
1238 1543 1264 1574 a
1305 1540 1391 1574 nu-

113 1622 250 1658 mero
299 1624 388 1670 12,
432 1607 713 1671 plantasque
753 1622 843 1668 12,
891 1610 974 1656 vel
1016 1609 1144 1657 haud
1185 1610 1390 1659 multum

115 1690 238 1740 infra
276 1706 334 1737 20
369 1688 565 1736 stamina
598 1687 830 1735 habentes
857 1689 1153 1738 nominando
1180 1687 1392 1755 dodecqu-

115 1772 264 1828 drias,
298 1771 407 1819 alias
442 1783 546 1828 quae
579 1769 742 1834 viginti
775 1770 983 1830 habent,
1034 1777 1117 1817 aut
1152 1782 1253 1819 non
1282 1782 1392 1828 pro-

115 1851 242 1900 xime
277 1847 336 1895 ad
372 1865 432 1908 30
469 1846 754 1908 ascendunt,
789 1847 1076 1910 appellando
1095 1846 1392 1912 icosandrias,

119 1931 324 1991 denique
357 1929 485 1990 illas,
523 1943 628 1989 quae
663 1929 792 1976 vltra
824 1943 884 1990 30
914 1927 1111 1978 stamina
1141 1937 1394 1977 numerant

115 2006 483 2078 polyandriarum
500 2007 665 2057 saltem
683 2007 880 2056 nomine
908 2007 1201 2070 infigniendo
1217 2044 1232 2070 ‚
1262 2007 1395 2055 vnde

124 2091 342 2152 adeoque
385 2100 482 2137 tres
530 2103 588 2136 ex
626 2103 725 2136 Vna
756 2088 952 2150 Royeni
997 2089 1134 2140 classe
1173 2088 1396 2149 separatae

121 2170 405 2234 naseuntur,
451 2171 576 2220 Clar.
615 2173 741 2221 eni-m
774 2172 962 2220 AuEtor
995 2171 1181 2223 suarum
1209 2169 1395 2236 polyan-

121 2248 351 2303 therarum
383 2245 679 2298 charaezerem
706 2244 920 2312 claffi'cum
951 2251 1091 2311 ponit
1122 2249 1394 2311 fimplicitet

121 2338 171 2385 in
203 2332 478 2382 staminibus
513 2330 805 2394 duplicatum
846 2334 1117 2396 petalorum
1138 2369 1154 2395 ‚
1193 2342 1282 2384 aut
1315 2348 1395 2383 co-

123 2417 256 2465 rollae
286 2410 626 2474 monopetalae'
646 2413 999 2477 segmentorum
1030 2428 1283 2464 numerum
1317 2430 1395 2463 ex-

127 2492 433 2553 cedentibUS,
471 2504 584 2554 ergo
618 2506 728 2540 cum
765 2492 976 2541 excessus
1010 2494 1090 2541 ille
1122 2495 1398 2556 proportio-

125 2578 266 2620 natus
310 2583 554 2631 nunquam
593 2570 783 2633 superet
826 2585 1078 2625 numerum
1122 2574 1395 2632 denarium,

696 2652 733 2700 B
745 2652 776 2700 b
924 2654 926 2658 ’
1313 2660 1396 2716 po-
