1881 3137
307 151 384 208 16
782 137 1265 200 PROLOGVS.

312 265 553 326 claffibus
597 264 808 321 ordi-nes
850 283 878 320 a
911 261 1044 317 flore
1091 261 1265 333 potius
1290 293 1304 321 ‚
1364 260 1426 318 ὃς
1458 254 1674 333 quidem
1707 280 1736 320 a

314 372 440 413 nota
471 372 684 431 quaque
724 353 961 412 facillima
983 385 999 414 ,
1067 355 1130 410 &
1163 350 1391 406 maxime
1423 348 1580 406 obuia
1619 363 1740 406 eon-

313 444 464 500 stitui.

428 531 685 589 Tertium
715 528 1017 601 Systematis
1059 525 1368 583 membrum
1397 527 1628 583 continet
1662 543 1744 598 ges

312 640 466 685 nera,
529 639 648 695 quae
690 620 815 675 tanti
855 617 1075 693 quidem
1115 618 1169 672 in
1218 616 1291 672 Re
1332 615 1592 673 Herbaria
1630 616 1746 673 sune

320 712 581 769 momenti
604 753 620 778 ,
681 723 740 767 vt
776 708 919 764 rudis
960 706 1158 762 horum
1195 705 1466 762 Botanicus
1510 705 1607 763 diei
1636 717 1746 761 non

323 815 607 858 mereatur.
707 798 841 854 Haec
871 797 1012 854 enim
1040 792 1451 851 fundamentum
1482 795 1750 851 sternunt,

319 895 405 950 cui
456 888 809 966 superstruffta
857 888 1029 944 omnis
1078 886 1252 942 Praxis
1306 885 1543 942 botanica
1597 882 1749 938 firma

324 984 446 1046 stat,
485 986 548 1042 δε
570 976 879 1036 inconcuffa.
957 976 1089 1032 Haec
1121 974 1225 1030 sola
1256 975 1353 1030 rite
1373 971 1630 1030 intelleE’ca
1650 988 1753 1046 pu*

323 1075 476 1131 rioris
513 1071 781 1127 Botanices
823 1067 1052 1124 cultores
1093 1064 1159 1121 ab
1191 1065 1338 1121 omni
1372 1080 1557 1120 errore
1589 1062 1752 1119 saluos

323 1162 535 1241 praestat
577 1165 640 1221 &
670 1157 994 1220 incolumes,
1059 1155 1171 1211 haee
1215 1155 1444 1230 denique
1488 1153 1572 1211 illa
1613 1151 1757 1224 sunt,

327 1251 522 1326 quibus
568 1247 810 1304 nostrum
847 1244 1105 1319 gloriatur
1139 1248 1200 1303 δεῖ
1234 1242 1469 1318 superbit
1508 1239 1761 1300 seculums

326 1341 548 1398 Veteres
583 1354 649 1393 ex
691 1334 1022 1408 beneplacito
1054 1333 1254 1407 plantas
1284 1333 1349 1390 ad
1380 1349 1576 1407 genera
1606 1330 1764 1388 redu·

274 1447 276 1449 ’
324 1443 518 1487 xerunt
546 1461 562 1489 ,
612 1423 755 1481 vnde
777 1458 792 1485 ,
842 1438 975 1495 quot
1007 1424 1207 1495 capita,
1257 1437 1338 1477 tot
1377 1423 1534 1478 etiam
1565 1418 1764 1477 diuersa

332 1513 793 1577 constituebantur
813 1527 1026 1586 genera.
1105 1507 1419 1584 Caes-alpinus
1440 1509 1631 1569 Classes
1651 1508 1768 1583 qui*

339 1612 465 1669 dem
515 1607 719 1681 optime
763 1602 1048 1663 exstruxit,
1111 1598 1197 1655 sed
1243 1600 1308 1656 ad
1357 1617 1554 1675 genera
1601 1599 1768 1656 neuti-

340 1715 505 1774 quam
537 1694 798 1770 peruenit.
911 1686 1217 1745 Morisonus
1252 1686 1476 1753 similes,
1514 1705 1613 1746 nec
1635 1684 1770 1745 infe<

340 1793 421 1849 lici
459 1788 592 1861 saepe
624 1799 849 1846 euentu,
886 1781 1085 1855 plantas
1117 1779 1213 1837 sub
1245 1781 1430 1838 iisdem
1465 1781 1771 1840 nominibus

342 1872 598 1949 genericis
629 1867 1041 1945 comprehendit
1063 1902 1081 1932 ‚
1119 1867 1263 1943 leges
1295 1885 1473 1927 tamen
1507 1871 1631 1928 dare
1659 1890 1773 1933 non

345 1963 536 2040 potuit.
635 1961 789 2016 Raius
828 1957 1085 2014 nonnulla
1118 1962 1334 2017 tentauit
1368 1963 1421 2016 in
1452 1960 1592 2019 hisce
1612 1997 1630 2026 ‚
1685 1959 1776 2019 sed

349 2053 502 2126 operi
533 2050 705 2122 impar
740 2043 1194 2103 Tournefortiana
1222 2049 1436 2107 tandem
1461 2067 1659 2124 genera
1687 2050 1776 2108 ad-

352 2141 586 2218 optauit3
642 2136 857 2192 Riuinus
891 2137 944 2190 in
979 2136 1354 2210 irregularibus
1391 2141 1645 2214 quasdam
1686 2142 1778 2198 de<

353 2233 429 2292 dit
459 2242 645 2287 notas,
682 2223 769 2280 sed
796 2242 911 2281 non
940 2223 1283 2291 sufficientes,
1321 2242 1380 2285 vt
1414 2230 1779 2291 charasterum

354 2318 507 2379 titulo
548 2313 947 2372 assumerentur.
1024 2316 1230 2373 Primus
1263 2320 1472 2392 itaque,
1514 2322 1606 2394 qui
1633 2336 1784 2377 aeter.

354 2425 480 2468 nam
521 2406 643 2463 inde
678 2406 979 2480 promeruit
1008 2404 1220 2463 laudem
1242 2443 1260 2471 ‚
1311 2406 1412 2466 fuit
1444 2410 1788 2469 Tournefor-

359 2500 459 2556 tius
482 2531 497 2559 ,
547 2493 633 2550 hic
665 2495 805 2549 enim
838 2490 1246 2552 frufflfieationis
1290 2512 1439 2555 notas
1463 2533 1479 2562 ‚
1532 2502 1787 2559 omnibus

361 2584 631 2664 speciebus
683 2597 998 2643 connnunes
1017 2618 1034 2649 ,
1082 2584 1260 2655 dedit,
1303 2604 1462 2665 atque
1495 2587 1791 2664 descripsitz

1692 2678 1787 2736 vti-
