1881 3137
585 162 1060 223 PROLOGVS
1463 180 1528 238 31

116 293 180 349 &
210 287 464 343 rationem
508 284 694 342 reddet
729 284 1081 358 plurimarum
1120 284 1535 349 ordinationum,

113 378 306 434 ibidem
341 375 649 438 obuiarum,
691 393 810 449 quae
839 392 949 430 non
970 372 1172 447 poffent
1205 391 1313 430 non
1343 377 1532 448 ancipi-

113 483 222 524 tem
271 466 494 522 excitare
538 464 937 523 admirationem
986 463 1185 539 absque
1225 464 1322 520 hac
1371 464 1531 539 expli-

111 572 328 614 canone.

221 645 535 702 Primarium
555 641 740 719 opellae
763 661 893 700 meae
915 642 1078 698 finem
1100 642 1342 706 indicaui,
1366 661 1530 718 quem

110 735 147 792 fi
181 736 439 809 asstquar,
478 733 786 810 gratulabor
828 733 971 790 mihi.
1063 731 1153 787 Est
1186 732 1405 807 aliquid,
1446 753 1527 792 ea-

108 840 217 896 que
248 840 337 878 me
368 839 478 877 non
507 839 700 896 parum
731 824 898 896 angit,
937 824 1242 895 premitque
1271 839 1420 885 cura,
1460 827 1530 882 ita

109 913 266 970 huius
297 913 504 988 generis
546 911 807 975 scientias,
858 914 1006 968 cuius
1046 911 1119 968 est
1159 911 1427 977 Botanica,
1474 914 1530 968 in

108 1002 378 1059 academiis
395 1002 617 1066 docere,
657 1019 814 1077 atque
839 1000 1094 1064 docuisse,
1131 1001 1531 1060 vtDiscentium

106 1109 270 1150 nemo
308 1091 540 1150 accusare
581 1093 865 1150 docentem
917 1091 1108 1166 poffit,
1164 1091 1232 1149 fic
1283 1091 1383 1147 effe
1413 1092 1529 1147 heic

106 1181 448 1241 monstratam
481 1184 621 1239 viam
640 1218 659 1246 ,
720 1198 947 1257 eamque
988 1178 1239 1256 praeiuisse
1268 1178 1527 1238 Professo-

104 1287 249 1335 rem,
289 1285 347 1327 vt
380 1270 522 1346 sequi
544 1270 717 1329 nullus
739 1272 987 1345 potuerit.
1066 1270 1203 1328 Sunt
1235 1269 1366 1327 adeo
1388 1268 1524 1326 mul-

103 1376 154 1418 ta
177 1397 192 1423 ,
241 1378 407 1436 eaque
440 1364 578 1418 varia
608 1363 860 1437 principia
883 1395 898 1423 2
939 1360 1133 1436 quibus
1165 1361 1332 1418 imbui
1364 1376 1526 1433 opor·

102 1465 178 1506 tet
220 1450 627 1521 Botanophilum
650 1486 666 1512 ,
726 1450 992 1505 aditurum
1035 1450 1302 1511 Scientiae,
1362 1467 1525 1523 quarn

99 1538 235 1599 fitit,
282 1540 566 1601 interiora,
614 1554 672 1594 vt
702 1538 798 1595 sub
830 1557 889 1594 ea
929 1537 1144 1596 illorum
1185 1540 1520 1598 multitudine

99 1627 337 1690 docenti,
377 1630 459 1684 cui
478 1644 741 1701 perquam
767 1625 1034 1685 familiaria
1053 1628 1194 1692 sunt,
1232 1629 1372 1688 haud
1393 1649 1520 1707 pau-

97 1735 158 1775 ca
190 1718 428 1775 excidere
458 1718 651 1792 poffint
673 1753 689 1781 ‚
744 1722 806 1778 &
839 1735 1000 1792 quam
1041 1720 1193 1775 toties
1231 1719 1336 1792 ipse
1384 1720 1525 1776 viam

99 1807 312 1865 calcauit
333 1843 348 1871 ,
410 1807 661 1864 omnibus
695 1825 805 1864 non
839 1810 1013 1864 minus
1050 1810 1225 1864 tritam
1266 1807 1403 1875 effe,
1466 1828 1524 1867 ac

96 1895 190 1953 fibi
227 1897 318 1954 sub
345 1897 455 1971 ipso
496 1900 615 1954 artis
656 1899 939 1960 exercitio,
993 1896 1255 1972 farragine
1287 1897 1520 1954 obiefi'to-

98 2004 224 2045 rum
254 1988 422 2045 sensus
446 1987 734 2051 obruente,
773 2002 1150 2061 mentemque,
1193 1985 1285 2043 fibi
1315 1985 1519 2060 persua-

99 2075 234 2132 deat.
322 2076 443 2132 Nec
472 2080 786 2150 permittunt
811 2077 1020 2151 semper
1046 2076 1236 2133 limites
1264 2076 1514 2133 academi-

97 2180 282 2220 carum
310 2164 711 2238 praelectionum
735 2208 751 2231 ,
810 2180 868 2222 vt
897 2167 1080 2239 primis
1118 2167 1383 2240 principiis
1421 2166 1516 2222 do-

95 2255 274 2311 cendae
315 2253 587 2311 cuiuslibet
620 2253 853 2311 Scientiae
899 2254 1090 2311 diutius
1129 2257 1511 2318 immoremur,

94 2346 157 2404 δε
186 2343 562 2406 inhaereamus,
601 2343 675 2400 est
703 2342 894 2417 aliquid
927 2345 1140 2417 priuatis
1171 2348 1327 2402 etiam
1358 2346 1509 2402 relin-

89 2432 371 2507 quendum
407 2433 615 2496 studiis,
656 2451 775 2509 quae
807 2450 937 2490 vero
964 2435 1218 2508 progredi
1253 2453 1364 2492 non
1390 2453 1511 2510 pos-

90 2521 247 2587 sunt,
310 2524 401 2581 nisi
440 2538 619 2582 mutos
661 2526 925 2584 inueniant
965 2526 1124 2583 duces
1165 2529 1219 2584 in
1249 2528 1373 2586 ideis
1405 2528 1514 2583 satis

91 2611 335 2672 distinctis
359 2656 376 2681 ,
426 2613 733 2691 consignatis
767 2613 834 2672 ab
869 2614 1171 2677 Artificibus
1205 2634 1389 2675 rerum
1423 2616 1512 2672 ha·-

1360 2723 1511 2770 rum,
