1881 3137
453 219 533 280 70
879 195 1230 260 CLASSIS
1267 193 1306 253 1.

449 321 716 374 monstrose
754 323 949 370 connati
982 320 1089 368 sunt
1110 354 1125 380 ,
1172 331 1345 365 verum
1376 313 1471 377 ipse
1504 312 1726 362 Linnaeus

452 404 502 451 in
545 403 796 465 generibus
835 403 1105 461 plantarum
1140 398 1280 445 latius
1333 394 1550 443 extendit
1585 406 1731 441 voca-

453 485 557 534 buli
591 482 1014 546 fignificationem,
1052 478 1340 541 gynandria,
1377 476 1627 536 inquienS,
1667 472 1730 520 di-

455 566 694 631 gnoscitur
726 579 754 610 a
776 561 968 622 reliquis
1000 559 1090 606 situ
1116 558 1365 607 staminum
1388 558 1438 604 in
1463 555 1563 618 ipso
1583 555 1730 617 stylo,

455 652 536 697 vel
577 643 885 705 receptaculo
926 644 1150 704 elongato
1182 641 1230 688 in
1258 640 1463 687 formam
1487 637 1624 698 styli,
1661 639 1729 699 pi-

454 726 629 774 stillum
657 736 767 769 cum
788 721 1062 769 staminibus
1086 723 1300 777 ferente-3
1337 717 1468 766 vnde
1488 715 1730 773 videmus,

455 810 545 856 hac
574 807 622 854 in
654 804 761 852 idea
790 802 979 864 prorsus
1007 817 1116 851 cum
1136 802 1336 850 Linnaeo
1363 799 1625 847 conuenire
1646 809 1734 844 no·

459 889 608 937 strum
640 886 921 934 Aueiorem.
1000 883 1105 931 Suis
1137 882 1328 931 interim
1358 881 1524 942 palmis
1556 891 1736 940 gynan-

457 969 549 1016 dris
595 967 771 1028 aliquas
813 963 1030 1012 adscribit
1072 966 1182 1012 alias
1206 1000 1221 1023 ‚
1269 973 1444 1020 easque
1478 959 1742 1019 fingulares-

454 1060 595 1101 notas
619 1084 635 1108 ‚
681 1062 783 1095 non
823 1049 879 1093 ab
915 1047 1004 1092 hac
1044 1043 1221 1092 sexuali
1257 1042 1493 1089 relatione
1522 1037 1735 1100 penden-

455 1140 554 1185 tes,
591 1138 705 1185 quas
740 1123 912 1171 addere
948 1122 1218 1170 consultum
1247 1123 1404 1172 duco:
1451 1122 1732 1171 Communis

454 1208 718 1270 palmarum
753 1203 926 1251 harum
973 1204 1095 1250 calix
1133 1199 1301 1265 spathis
1345 1204 1477 1265 vagis
1520 1201 1733 1262 constat,

460 1285 682 1351 proprius
715 1292 876 1332 autem
908 1285 1075 1345 calyx,
1111 1281 1191 1330 seu
1217 1280 1518 1347 perianthium
1548 1284 1735 1331 nullum

456 1369 561 1428 est,
608 1365 760 1413 solum
788 1378 972 1430 germen
999 1373 1282 1413 contortum
1323 1365 1494 1414 florem
1523 1364 1733 1416 sustinet.

461 1446 682 1498 Corollam
711 1445 922 1492 formant
947 1442 1101 1509 petala
1133 1445 1343 1505 quinque
1362 1481 1377 1505 ‚
1414 1457 1621 1506 quorum
1651 1444 1738 1495 duo

460 1527 689 1578 exteriora
732 1523 895 1583 saepius
938 1526 1205 1571 conniuent
1240 1526 1288 1570 in
1329 1526 1510 1590 galeam
1532 1561 1547 1586 ‚
1600 1525 1736 1574 cuius

452 1607 632 1654 labium
669 1603 865 1651 inferius
909 1602 966 1651 fit
1004 1603 1271 1653 Neffarium
1292 1641 1307 1664 ,
1369 1604 1501 1667 quod
1546 1604 1734 1667 pistilli,

454 1686 669 1746 sextique
708 1683 856 1745 peta1i
889 1683 1054 1731 locum
1095 1676 1318 1745 occupet.
1390 1685 1568 1751 Quoad
1597 1683 1740 1749 pistil.

456 1766 574 1823 lum,
608 1765 656 1813 id
690 1779 715 1811 e
738 1764 937 1830 germine
970 1763 1158 1812 constat
1187 1774 1421 1813 contorto
1445 1802 1461 1827 ‚
1499 1763 1623 1813 infra
1652 1764 1740 1811 flo-

456 1847 519 1894 ris
551 1845 911 1907 receptaculum
942 1846 1107 1892 locato
1130 1880 1147 1905 .,
1173 1842 1287 1909 stylo
1330 1840 1504 1892 adnato
1549 1846 1753 1900 interim»,

459 1927 653 1975 nefiarii
679 1927 901 1990 margini,
937 1933 998 1971 vt
1023 1923 1109 1970 vix
1138 1925 1195 1972 ab
1225 1925 1535 1972 incumbente
1551 1922 1739 1988 stigma·

461 2017 504 2057 te
539 2005 761 2067 distingui
790 2004 942 2066 poffit.
1023 1999 1230 2051 Stamina
1266 2001 1375 2050 heic
1408 2002 1591 2062 vbique
1618 2014 1739 2050 none

456 2085 541 2134 nifi
573 2081 658 2132 duo
687 2080 820 2143 sunt,
847 2079 1093 2143 filamentis
1114 2080 1416 2141 breuiffimi8‚
1457 2078 1655 2132 antheri}
1673 2079 1741 2129 in-

458 2167 595 2214 ferne
636 2159 982 2225 angustioribus
1005 2198 1021 2222 ‚
1076 2160 1122 2207 &
1153 2161 1291 2209 nudis
1315 2196 1332 2223 5
1376 2159 1512 2208 teffls
1557 2163 1740 2212 cellulis

461 2241 681 2291 deorsum
708 2240 911 2301 apertis,
948 2241 1219 2301 innatisque
1246 2241 1330 2303 ips1
1359 2241 1557 2302 margini
1586 2242 1742 2290 11εᾶ3-

461 2324 517 2377 rii
555 2320 786 2369 interiori.
856 2318 1170 2385 l’ericarpium
1210 2320 1278 2368 est
1313 2315 1489 2383 capfitla
1521 2320 1741 2370 vnilocu-

457 2401 566 2449 laris
588 2435 604 2460 ‚
642 2397 859 2447 triualuis
882 2433 899 2459 ,
936 2397 1177 2446 dehiscens
1197 2433 1214 2458 ‚
1264 2400 1443 2459 angulis
1474 2394 1557 2446 sub
1598 2399 1741 2448 costis

460 2474 715 2531 carinatis;
759 2475 809 2522 in
841 2489 897 2524 ea
929 2476 1148 2525 ordinata
1179 2474 1286 2524 sunt
1305 2475 1482 2541 semina
1511 2475 1753 2526 scobifor-.

459 2557 584 2618 mia,
620 2557 870 2622 numerosa
889 2594 905 2619 ,
940 2559 1127 2624 fingulis
1155 2561 1205 2608 in
1236 2559 1443 2608 valuulis
1472 2558 1639 2608 lineari
1667 2556 1747 2606 ad-

463 2634 561 2690 fixa
593 2639 918 2700 receptaculo.

1645 2704 1748 2770 iix-⁴
