1881 3137
378 172 1060 234 POLYANTHERAE.
1251 185 1360 248 197

92 300 325 347 errhinam
368 299 600 346 virtutem
643 295 826 356 habet,
871 296 959 342 alia
1001 292 1243 342 officinalis
1286 296 1354 342 est

89 376 365 442 Aquilegia,
403 375 449 420 &
482 369 793 437 Delphinium‚
828 372 957 434 quod
994 371 1190 419 officinis
1220 375 1355 434 phar-

88 454 361 508 maceuticis
391 455 698 518 Calcatrippa,
735 457 817 502 vel
850 449 1064 516 consolida
1096 451 1251 517 regalis
1276 468 1353 499 au·

87 539 194 598 dit,
237 530 387 600 porro
431 537 715 595 Aconitum,
766 551 852 597 per
896 530 1050 580 varias
1092 532 1266 592 species
1303 536 1352 582 iu

83 620 234 666 hortis
289 617 470 664 cultum
493 651 508 676 ‚
561 615 640 662 sed
688 629 774 676 per
825 613 1048 676 plurimas
1100 612 1241 661 etiam
1292 614 1351 659 de

81 706 324 746 venenata
387 693 626 757 potestate
690 697 863 743 merito
912 692 1171 753 suspeffitum
1200 730 1214 753 ‚
1284 692 1352 743 est,

85 780 227 828 etiam
263 791 322 823 ex
358 775 453 822 hoc
490 775 657 821 ordine
694 773 840 837 resbda
872 774 1150 835 frequenter
1184 773 1353 833 sponte

85 857 296 906 crescens
333 856 382 902 in
418 854 707 917 Germania,
763 856 1044 918 quibusdam
1091 857 1140 902 in
1183 854 1354 915 specie*

83 940 193 997 bus,
225 934 435 994 inprimis
470 933 549 980 illa
569 929 846 995 fimueolente
878 947 964 997 per
997 933 1167 980 hortos
1204 935 1350 995 culta,

84 1017 272 1070 Luteola
303 1017 467 1065 itidem
510 1016 687 1078 species
723 1014 933 1064 eiusdem
970 1016 1037 1065 est
1059 1053 1074 1078 ,
1124 1026 1149 1062 e
1181 1017 1354 1077 plantis

84 1097 279 1145 humida
313 1096 568 1158 praesertim
604 1098 868 1145 amantibus
911 1097 1177 1146 Germaniae
1221 1105 1356 1157 prata

86 1176 156 1225 est
191 1177 332 1224 etiam
365 1177 461 1224 huc
504 1178 747 1237 pertinens
792 1173 973 1237 caltha,
1017 1177 1356 1225 Tournefortii

77 1256 328 1325 populago,
372 1255 576 1315 denique
611 1253 897 1312 Helleborus‚
940 1258 1072 1304 cuius
1110 1257 1223 1304 duas
1258 1257 1355 1317 spe-

87 1341 182 1387 cies
220 1335 430 1384 officinae·
451 1334 635 1381 habent
677 1333 1071 1393 pharmaceuticae
1093 1370 1109 1395 ‚
1156 1336 1205 1381 in
1239 1335 1355 1382 radi-

87 1434 142 1467 ce
165 1452 180 1477 ,
218 1412 364 1463 album
396 1413 607 1471 scilicet,
656 1409 702 1456 &
736 1412 913 1476 nigrum
953 1427 1012 1459 ex
1049 1427 1104 1459 ea
1148 1411 1353 1473 dietum,

85 1497 241 1547 solent
283 1494 448 1553 aliquae
493 1490 668 1551 species
712 1504 799 1551 per
843 1489 1146 1540 Germaniam
1185 1490 1355 1552 sponte

86 1573 322 1632 crescere,
360 1571 457 1618 aliae
492 1571 542 1618 in
574 1569 725 1617 hortis
762 1568 871 1617 coli.

380 1789 560 1852 Clasfis
599 1789 789 1849 XVIII.
830 1790 962 1850 Ord.
1007 1805 1057 1865 3.

87 1929 783 1990 POLYANTHERAE
843 1930 1358 1994 PERICARPIO

552 2031 883 2091 NVLLO.

179 2202 237 2253 In
269 2203 341 2254 his
373 2203 701 2267 polyantheris
738 2206 853 2269 nudi
885 2204 1114 2255 seminum
1151 2207 1358 2258 fasciculi
1386 2203 1621 2259 Explicatio

87 2289 134 2338 &
166 2287 374 2349 penicilli
409 2287 668 2348 sequuntur
701 2290 844 2337 flores
862 2325 878 2351 ‚
914 2306 1087 2340 verum
1120 2254 1634 2362 discretis‚C[¹)²rs(⁵1‘‚X3Yffl’

84 2377 200 2416 Vtut
232 2365 485 2430 aggregatis
519 2383 545 2415 a
574 2370 755 2430 potiori
789 2367 1041 2418 seminibus
1060 2406 1076 2432 ,
1122 2372 1275 2430 modo„
1305 2371 1354 2419 in
1384 2369 1628 2422 Polyantherae

87 2447 347 2507 capitulum
382 2447 629 2509 colleffiS,
666 2449 814 2496 modo
849 2445 1127 2498 fasciculatis
1149 2488 1166 2512 ‚
1200 2453 1244 2499 &
1276 2466 1356 2514 pe-

85 2522 329 2582 nicillatis,
365 2525 547 2585 vbique
581 2534 743 2574 tamen
777 2528 908 2575 omni
943 2527 1195 2591 pericarpfi
1222 2530 1358 2579 veste

85 2599 355 2651 carentibus
375 2637 392 2665 ,
448 2606 577 2655 vnde
619 2606 842 2656 dicuntur
877 2609 1143 2674 pericarpio
1183 2612 1318 2659 nullo
1337 2647 1353 2672 ‚

629 2685 712 2735 Bb
747 2702 771 2747 3
1239 2690 1355 2738 licet

1382 2426 1578 2473 pericarpio

1386 2474 1498 2515 nullo.
