1881 3137
375 123 1037 208 FvaTIFLORAE.
1238 156 1347 218 149

423 332 601 390 Claffis
640 332 707 390 X.
784 331 915 390 Ord.
959 346 1008 404 3.

144 472 796 532 FRVCTIFLORAE
856 465 1276 529 FLORIBVS

379 593 1040 670 QVINQVEFIDIS.

167 762 409 823 Incipiunt
451 775 580 809 nunc
628 763 818 810 ordines
867 760 1129 809 discernere
1162 757 1345 818 plantas
1375 776 1616 830 Explicatio

69 837 192 886 elafii
227 838 317 885 suae
351 838 577 886 subiestas
615 853 640 884 e
672 839 830 886 forma
866 837 1184 893 corollarum‚
1239 848 1347 894 qua-
1378 830 1516 871 Claffis
1543 828 1601 871 X·

65 931 174 964 rum
205 919 377 965 limbus
409 918 557 966 modo
593 916 745 977 fissus,
796 909 945 964 modo
989 913 1212 962 indiuisus
1250 912 1345 972 est,
1375 883 1592 987 gzssiffi’rae

66 995 217 1044 modo
244 998 386 1044 etiam
410 996 642 1044 stellatam
666 996 854 1043 affectat
874 996 1098 1059 figuram,
1135 994 1350 1040 omnium
1375 992 1528 1057 flwjibm
1588 1046 1594 1053 ,

67 1089 193 1122 vero
229 1078 431 1125 maxime
469 1078 738 1124 attentione
772 1077 926 1137 primo
962 1076 1122 1137 dignas
1158 1072 1248 1120 ess'e
1283 1073 1350 1118 iu-
1378 1042 1638 1098 qumquefidzs.

65 1156 246 1203 dicauit
290 1156 361 1203 Cl.
397 1155 583 1204 Αυᾶοι·
629 1156 948 1216 fruCtifloras,
1001 1170 1105 1216 quae
1154 1154 1347 1201 corollae

63 1236 266 1285 limbum
301 1235 532 1284 exhibent
561 1238 610 1283 in
646 1238 856 1298 quinque
888 1243 1072 1297 partes,
1123 1236 1206 1282 vel
1240 1236 1347 1282 laci-

64 1317 168 1378 nias
220 1315 386 1363 fiss'um.
497 1314 687 1378 Agmen
744 1314 877 1363 ducit
941 1315 1147 1376 amplum
1197 1329 1346 1375 genus

66 1395 377 1460 Campanula,
442 1397 574 1443 cuius
620 1397 844 1457 plurimas
877 1396 1054 1457 species
1092 1394 1348 1442 Germania

64 1464 236 1538 sponte
271 1474 666 1537 nascentesalit,
725 1475 1034 1536 exoticasque
1077 1474 1205 1520 haud
1234 1489 1346 1535 pau-

65 1571 144 1605 cas
180 1556 230 1601 in
263 1555 417 1601 hortis
455 1557 586 1603 colit.
687 1557 743 1604 In
779 1555 944 1602 culinis
989 1556 1192 1604 maxime
1226 1570 1345 1603 ama·

61 1643 142 1682 tur
180 1634 457 1702 Campanula
502 1634 650 1685 radice
696 1634 934 1700 esculenta,
976 1634 1092 1698 flore
1138 1636 1342 1696 cce-rideo,

56 1711 243 1761 Linnaei
288 1716 566 1777 campanula
606 1713 734 1762 foliis
782 1715 1067 1764 radicalibus
1109 1716 1345 1763 lanceola-

58 1800 148 1861 to-
175 1795 422 1856 oualibUS,
482 1797 615 1844 caule
659 1796 959 1845 ramosiffimo
996 1795 1192 1856 patulo,
1247 1797 1345 1844 Ra-

52 1870 268 1938 punculus
309 1874 468 1938 vulgi,
530 1876 662 1923 cuius
707 1876 865 1923 radice
908 1875 1186 1935 frequenter
1231 1873 1344 1920 frui-

56 1963 140 2002 tur
174 1960 363 2005 acetarii
395 1960 552 2007 forma
585 1974 694 2006 cum
729 1967 867 2006 aceto
888 1959 934 2005 δε
959 1957 1193 2004 oliuarum
1228 1955 1340 2002 oleo

59 2038 288 2098 apposita.
390 2039 653 2101 Distinguit
694 2039 739 2086 se
775 2053 923 2101 genus
969 2037 1107 2084 facile
1141 2032 1342 2086 mirabili

59 2120 345 2180 admodum.>
402 2120 448 2166 &
482 2120 697 2182 singulari
744 2119 932 2180 prorsus
976 2119 1107 2165 floris
1144 2117 1338 2164 fabrica.

60 2197 228 2263 Genus
281 2199 406 2246 aliud
457 2199 506 2246 in
552 2198 809 2246 Germania
864 2199 1146 2260 cognitum,
1201 2196 1247 2242 &
1288 2197 1340 2246 in

56 2280 209 2333 hortis
239 2280 422 2343 cultum
453 2278 521 2326 est
553 2274 853 2337 Rachelium,
890 2277 1198 2325 Trachelium
1232 2291 1338 2325 azu—

55 2373 192 2427 reum
225 2357 580 2406 vmbelliferum
604 2356 972 2416 Tournefortii,
1009 2357 1193 2417 reliqua
1225 2371 1338 2417 pau-

56 2437 108 2484 lo
143 2438 321 2486 rariora
353 2436 488 2501 sunt,
549 2441 791 2500 quinarius
837 2452 1067 2500 generum
1109 2451 1338 2488 numerus

57 2528 251 2566 omnem
283 2518 412 2571 hunc
446 2520 664 2569 ordinem
701 2518 916 2568 absoluit.

665 2668 717 2715 T
749 2685 776 2729 3
906 2647 908 2650 ’
1174 2668 1330 2718 ciaffis
