1881 3137
262 215 335 275 30
733 189 1205 250 PROLOGVS.

268 315 630 396 proposuisse,
695 329 754 373 vt
799 313 1165 371 Studiosorum
1210 309 1418 367 labores
1463 307 1697 367 subleua-

267 425 384 463 rem
406 440 424 470 ‚
464 405 676 479 aliisque
718 403 855 460 viam
891 402 1182 456 sternerem
1222 398 1286 453 ad
1319 412 1517 454 certam
1551 395 1698 471 plan-

269 513 446 554 tarum
486 492 806 552 methodum
831 525 846 552 ,
900 494 961 550 8<
1004 507 1196 563 puram
1237 488 1490 544 Botanicae
1542 485 1700 543 scien-

274 590 414 644 tiam.
522 584 580 639 In
619 581 770 637 Flora
802 595 978 634 tamen
1016 576 1281 652 Leydenfi
1303 611 1319 638 ‚
1361 593 1523 650 quarn
1556 593 1701 634 nunc

276 674 545 731 elaborare
576 667 875 743 adgrediar,
917 666 1138 740 fingulas
1173 664 1382 739 singulis
1415 662 1703 738 Speciebus

268 764 539 822 varietates
572 759 861 819 subjiciam,
902 771 985 819 vt,
1020 754 1056 811 si
1090 758 1181 831 qui
1224 755 1476 811 darentur
1509 752 1705 808 harum

271 851 488 919 curiosi,
537 846 797 906 calculum
839 843 1082 901 obtinere
1124 841 1329 918 possent
1375 841 1495 916 plus
1537 853 1705 914 quarn

276 940 629 1000 desideratum
650 971 666 998 ‚
716 934 868 991 nullis
905 936 1049 990 enim
1071 967 1088 996 2
1128 931 1276 1007 quod
1314 929 1596 1005 praefiscine
1632 929 1709 986 di-

276 1028 477 1090 xerim,
516 1024 785 1081 laboribus
795 1059 811 1087 ‚
849 1022 1003 1079 nullis
1025 1038 1264 1096 vnquam
1287 1018 1586 1095 sumptibus
1614 1033 1708 1091 pe-

282 1118 463 1193 perci,
512 1131 625 1189 quo
665 1112 844 1169 minus
883 1111 1090 1167 Hortus
1125 1109 1302 1166 noster
1333 1107 1708 1169 Academicus,

279 1224 393 1281 quo
426 1220 551 1262 cum
585 1200 777 1259 frustra
794 1236 811 1265 ‚
860 1201 995 1258 dum
1033 1202 1212 1259 viuam
1228 1234 1245 1264 ,
1285 1198 1564 1256 certabunt
1594 1195 1713 1258 reli-,

279 1297 401 1372 qui,
444 1292 800 1367 principatum
833 1303 1022 1347 teneat.

389 1384 460 1441 Et
501 1381 755 1439 hactenus
797 1378 1017 1455 quidem
1067 1377 1304 1433 Eximius
1354 1375 1604 1450 Royenus
1655 1376 1711 1432 in

280 1473 585 1532 Prodromo
621 1471 788 1527 Florae
819 1467 1138 1542 Leydensis‚
1179 1484 1346 1541 quem
1378 1483 1518 1521 anno
1553 1482 1718 1538 1740.

281 1560 469 1623 edidit!
546 1561 854 1635 Deprecor,
900 1556 1088 1632 quodsi
1126 1552 1268 1612 forte
1310 1555 1568 1629 prolixior
1607 1553 1718 1622 fui,

284 1671 449 1730 quam
482 1668 579 1727 par
609 1651 712 1712 est,
751 1651 805 1705 in
838 1646 1187 1706 describendis
1223 1646 1501 1720 praecipuis
1530 1641 1720 1720 praefa·

290 1747 442 1805 tionis
489 1744 566 1800 isti
599 1739 868 1818 praemiffae
900 1739 1222 1802 momentis,
1277 1741 1340 1797 &
1372 1738 1597 1794 nimium
1628 1752 1721 1793 ex-·

291 1836 431 1893 curri
462 1833 595 1890 vltra
622 1830 812 1886 limites
846 1827 1017 1904 scopi,
1055 1826 1210 1901 supra
1240 1824 1475 1894 indicati,
1513 1823 1601 1882 sed
1630 1843 1722 1883 ve-

291 1926 432 1983 niam
464 1923 878 1995 impetraturum
909 1916 1063 1992 spero
1095 1933 1186 1973 me
1207 1950 1223 1978 ‚
1283 1929 1444 1988 atque
1476 1913 1722 1979 confidO,

297 2011 446 2091 quod
486 2009 555 2066 illi
584 2007 743 2082 scopo
781 2004 1127 2063 satisfacturus
1156 2022 1189 2059 e
1220 2005 1420 2060 rariore
1456 2005 1593 2060 inter
1623 2021 1723 2062 nos

296 2099 474 2157 libello
509 2097 697 2171 collegi
729 2095 1113 2169 compendium
1137 2093 1346 2150 senioris
1378 2093 1723 2169 philosophiae

298 2189 552 2246 Botanicae
600 2182 866 2242 Naturalis
889 2219 903 2246 ‚
948 2185 1094 2241 cuius
1134 2183 1469 2258 frequentior
1506 2183 1626 2241 vsus
1663 2184 1727 2242 sit

293 2277 450 2336 facilis
473 2313 488 2340 ‚
538 2279 600 2337 ὃ(
639 2293 669 2331 e
703 2292 813 2348 quo
834 2310 850 2336 ‚
892 2289 1143 2348 tanquam
1177 2290 1243 2329 ex
1272 2292 1455 2349 vngue
1484 2275 1728 2341 leonem,

305 2366 358 2425 id
393 2366 494 2430 est,
544 2363 920 2439 sagaciffimum
952 2365 1060 2420 eius
1078 2361 1378 2420 Auctorem
1410 2364 1731 2437 cognoscere

303 2459 403 2513 rite
441 2456 602 2512 liceat.
717 2451 1072 2528 Respondebit
1101 2451 1216 2508 haec
1248 2452 1470 2509 Summa
1502 2452 1733 2511 Philoso-

302 2545 440 2620 phiae
459 2579 474 2606 ‚
514 2560 573 2599 ac
601 2543 876 2617 aetiologiae
911 2541 1166 2597 botanicae
1194 2539 1436 2614 plurimis
1457 2575 1475 2605 ,
1525 2560 1644 2618 quae
1677 2547 1734 2601 in

300 2633 410 2711 ipso
461 2631 647 2710 paffim
693 2629 949 2707 opusculo
988 2627 1216 2687 subnasci
1241 2629 1454 2707 possent
1462 2666 1481 2697 ,
1535 2632 1738 2698 dubiis,

1667 2727 1732 2784 6:
