1881 3137
557 81 1057 184 PROLOGVS·
1441 144 1518 201 ες

91 259 238 301 notas
265 244 452 319 plantae
486 242 700 317 fingulae
730 245 991 321 inscriptas
1024 264 1135 304 non
1169 250 1508 310 attenderint:

90 352 248 409 atque
287 335 444 394 hinc,
496 350 668 406 puto,
716 334 916 393 fafitum
957 337 1067 401 est,
1117 354 1176 394 vt
1209 340 1371 403 nulli,
1419 339 1510 396 nifi

91 422 255 496 longo
299 424 561 478 exercitati
602 423 694 481 vsu
731 442 829 498 per
868 442 1140 482 externam
1190 430 1402 485 tandem
1444 427 1515 486 fa-

89 510 224 565 ciem
262 507 459 582 plantas
493 509 811 584 distinguere
848 512 1133 569 didicerint.
1221 515 1321 577 At,
1373 532 1514 589 quae-

90 596 183 661 so,
240 616 484 672 quaenam
526 600 600 656 est
644 601 757 657 haec
789 599 941 657 facies
979 602 1238 659 externa?
1314 604 1513 679 Vtique

93 706 203 745 non
231 689 304 744 est
335 690 552 753 vmbra,
599 689 685 755 sed
718 690 978 748 struetura
1011 694 1294 766 vnieuique
1324 694 1514 768 plantae

90 778 366 851 impressa‚
421 794 535 835 orta
582 797 647 835 ex
688 798 917 838 numero
944 817 960 845 ‚
1011 782 1215 856 figura,
1266 784 1400 846 situ,
1453 789 1514 844 δε

89 871 441 944 proportione
483 870 808 944 finguiarum
843 875 1076 946 partium
1098 908 1114 936 ‚
1168 891 1287 947 quae
1322 875 1374 928 in
1408 875 1513 930 aliis

89 956 235 1029 plus,
269 961 323 1015 in
354 959 455 1016 aliis
477 961 651 1016 minus
680 960 816 1016 inter
837 960 886 1016 se
906 958 1172 1018 differunt.
1253 961 1351 1017 Hae
1390 980 1514 1036 qua-

91 1057 216 1103 tuor
250 1066 389 1105 notae
421 1048 536 1105 sunt
556 1084 571 1112 ,
625 1053 684 1109 ὃ(
706 1085 722 1112 ,
774 1050 967 1125 quibus
1000 1051 1219 1107 meliora
1250 1068 1359 1107 non
1393 1054 1514 1108 dan-

92 1148 180 1191 tur
202 1137 478 1201 haStenuS,
518 1138 827 1212 diagnostica
845 1139 985 1213 signa
1006 1173 1022 1202 ‚
1062 1156 1159 1195 nee
1188 1158 1216 1194 a
1237 1139 1374 1202 solo,
1417 1158 1515 1198 nec

92 1225 229 1283 ccelo
258 1225 405 1285 facile
437 1227 732 1294 mutabilia,
782 1228 818 1283 si
849 1231 989 1284 enim
1021 1228 1134 1285 haec
1165 1230 1516 1285 immutantur

91 1319 267 1374 omnia
289 1352 306 1382 ‚
358 1332 484 1375 tunc
513 1316 604 1373 alia
638 1316 828 1392 plantae
861 1318 1120 1375 struetura
1142 1353 1158 1382 ‚
1209 1318 1301 1374 alia
1334 1316 1513 1383 facies,

89 1406 181 1462 alia
208 1406 398 1480 species
431 1407 675 1481 exsurgit.
772 1409 963 1465 Fateor
996 1409 1248 1483 equidem
1270 1444 1285 1470 ‚
1338 1424 1519 1482 exem-

92 1496 180 1570 pla
215 1494 352 1559 dari,
392 1499 633 1570 quamuis
666 1496 947 1560 rarissima,
998 1516 1117 1573 quae
1146 1497 1281 1555 hanc
1300 1534 1315 1561 ,
1356 1498 1517 1554 illam-

89 1601 159 1640 ue
197 1598 380 1640 notam
420 1583 708 1658 suspeetam
751 1585 1016 1665 reddunt,
1082 1602 1141 1644 vt
1172 1589 1225 1644 in
1257 1605 1518 1654 numere,

87 1672 175 1731 vel
215 1674 567 1749 proportione
611 1674 830 1732 subinde
861 1678 1152 1751 contingit,
1214 1695 1436 1741 verum,
1478 1679 1515 1734 si

90 1764 196 1819 iam
236 1779 493 1819 numerus
542 1778 873 1826 mutaretur,
935 1764 1055 1821 ideo
1095 1780 1233 1821 notae
1271 1767 1516 1824 nondum

88 1852 304 1928 reliquae
344 1867 712 1910 mutarentur:
778 1851 899 1908 situs
941 1855 1084 1910 enim
1120 1856 1353 1927 partium
1392 1873 1514 1914 con«

90 1942 417 2000 stantiffimus
451 1941 526 1998 est
545 1978 562 2006 ,
604 1943 879 2016 proximus
912 1960 1091 1999 autem
1122 1942 1246 2000 huie
1275 1944 1349 1999 est
1381 1943 1514 2018 figu-

91 2047 164 2085 rae
189 2031 483 2094 charaeter,
520 2033 713 2107 quibus
745 2032 976 2107 denique
1010 2050 1269 2091 numerus
1306 2038 1367 2095 &
1390 2051 1514 2108 pro-

93 2122 272 2194 portio
307 2120 571 2177 accedunt.
659 2120 925 2177 Nostrum
961 2121 1138 2195 itaque
1170 2121 1304 2182 erit,
1345 2136 1410 2174 ex
1432 2121 1516 2183 ¹>in·

90 2210 274 2285 speffis
314 2209 615 2285 speciebus,
681 2212 851 2265 immo
907 2227 973 2265 ex
1017 2210 1137 2284 ipsis
1181 2209 1515 2266 varietatibus

93 2301 408 2365 obseruare,
446 2319 564 2375 quae
598 2317 772 2375 partes
803 2303 1024 2357 minime
1060 2315 1369 2363 mutentur,
1410 2317 1512 2357 eas-

94 2409 203 2466 que
223 2427 240 2455 ,
289 2390 327 2448 fi
356 2391 742 2449 subministrant
786 2389 1099 2448 differentias
1120 2427 1135 2454 ‚
1185 2409 1298 2465 prae
1331 2393 1514 2448 ceteris

93 2480 322 2554 eligere,
370 2490 487 2537 v.'e.
521 2482 575 2535 in
606 2497 804 2555 genere
828 2515 843 2542 ‚
895 2479 1044 2555 quod
1077 2479 1266 2552 Pyrola
1302 2479 1513 2540 dicitur,

93 2569 363 2646 sequentes
403 2569 593 2645 species
629 2586 905 2628 enumerat
940 2567 1195 2646 Caspai-us
1224 2568 1515 2729 Bauhinu53

772 2659 823 2716 D
885 2665 887 2670 '
1458 2673 1477 2713 1
