1881 3137
451 180 530 251 78
842 167 1198 230 CLAssm
1248 166 1352 226 111.

460 298 646 360 plantas
680 291 818 340 huius
855 292 996 340 claffis
1038 306 1206 339 omnes
1236 291 1394 338 semen
1424 297 1611 338 tantum
1639 293 1744 338 vni-

467 394 578 428 cum
608 376 818 437 habere,
855 377 1072 435 adeoque
1103 374 1313 435 germine
1344 386 1538 433 quoque
1558 370 1746 419 nonnisi

469 460 665 523 fimplici
700 457 905 522 gaudere
927 491 942 516 ,
996 454 1097 501 haec
1140 462 1302 501 tamen
1343 455 1487 503 trium
1532 453 1748 515 priorum

470 546 693 595 ordinum
745 537 1025 585 constitutio
1067 535 1277 597 sequitur
1326 535 1565 595 praecipue
1618 535 1748 582 illam

472 621 885 678 obseruationem,
925 633 1027 679 quae
1065 617 1255 664 docuit:
1295 614 1383 662 alia
1413 617 1621 676 gramina
1641 629 1746 662 vno

472 712 660 753 tantum
688 698 911 746 insti-uffa
946 696 1037 744 effe
1068 697 1223 757 stylo,
1262 698 1349 744 alia
1370 697 1560 744 duobus
1594 697 1750 744 distin-

473 786 584 845 ffis,
623 795 726 842 quae
760 777 963 840 proinde
997 778 1418 837 vnicumtantum
1445 778 1626 825 habent
1659 776 1754 839 sty-

471 867 571 913 lum
593 898 608 924 ‚
650 860 861 928 gramina
903 856 1125 903 dicuntur
1157 871 1313 922 monog
1314 871 1410 919 yna
1430 892 1444 914 ,
1491 872 1595 916 quae
1630 858 1751 905 duos

478 945 740 999 exhibent3
790 936 1100 985 nominantur
1136 931 1340 1000 digyna,
1396 935 1507 981 hinc
1543 937 1755 989 denomi-

478 1025 611 1073 natio
647 1020 754 1067 heic
784 1016 840 1064 fit
871 1032 896 1063 a
930 1016 1026 1063 sola
1051 1024 1184 1077 parte
1216 1013 1375 1074 pistilli
1402 1015 1582 1078 media,
1624 1019 1753 1081 stylo

475 1103 653 1153 sciIicet
674 1134 689 1159 ,
729 1096 810 1158 qni
841 1095 908 1141 est
940 1097 990 1142 in
1015 1096 1111 1142 hoc
1145 1094 1312 1140 ordine
1341 1094 1536 1155 fimplex
1560 1132 1575 1157 ‚
1613 1099 1661 1146 in
1692 1099 1757 1145 se-

479 1182 735 1247 quentibus
766 1177 889 1224 binis
925 1177 1115 1238 duplex.
1181 1174 1414 1235 Exempla
1444 1175 1578 1237 sunt,
1616 1176 1661 1224 &
1685 1193 1757 1245 ge-

477 1282 588 1317 nera
611 1265 751 1313 huius
784 1261 965 1308 ordinis
1000 1260 1210 1322 gramina
1236 1259 1469 1307 notissima
1492 1296 1507 1321 ,
1546 1275 1650 1321 quae
1680 1277 1758 1322 pa·-

479 1346 644 1396 mdosa
679 1346 814 1403 loca,
848 1341 895 1387 δε
927 1350 1062 1402 prata
1094 1340 1285 1387 humida
1315 1339 1455 1386 vaide
1495 1349 1678 1401 amant,
1715 1344 1763 1389 &

481 1445 540 1478 ex
567 1429 620 1474 iis
645 1410 861 1486 quidem,
895 1435 1001 1481 quae
1031 1420 1187 1480 primo
1203 1435 1304 1468 vere
1330 1419 1586 1482 virescere,
1614 1424 1760 1483 paulo

485 1510 593 1573 post
615 1508 793 1555 florere
813 1501 1072 1562 incipiunt⁷
1100 1497 1298 1564 scirpus,
1337 1500 1382 1546 &
1402 1509 1610 1566 cyperus⁷
1642 1503 1763 1552 adeo

485 1590 640 1640 affinia
676 1586 802 1632 inter
833 1582 880 1631 se
916 1579 1124 1642 gramina
1143 1614 1160 1639 ‚
1205 1586 1263 1625 vt
1295 1578 1392 1640 ipse
1424 1579 1650 1629 Linnaeus
1683 1582 1765 1632 du-

484 1673 608 1720 bitet
631 1703 646 1727 ‚
697 1680 813 1713 num
851 1661 1052 1722 separari
1079 1659 1252 1719 poffint
1273 1695 1290 1719 ,
1336 1674 1430 1706 nec
1454 1662 1617 1720 potius
1651 1676 1764 1710 con-

490 1751 617 1813 iungi
642 1743 890 1795 debeant?
927 1751 1057 1789 certe
1084 1740 1256 1801 sehim,
1295 1740 1342 1786 &
1368 1743 1657 1804 praecipuam
1682 1741 1767 1792 dif-

487 1830 740 1882 ferentiam
772 1825 914 1886 ponit
945 1824 995 1869 in
1026 1822 1156 1868 villis
1191 1820 1354 1870 semini
1384 1821 1764 1884 adliaerentibUS‚

491 1910 664 1972 quibus
697 1914 826 1951 caret
860 1915 1094 1963 cyperus,
1129 1909 1187 1948 vt
1222 1910 1391 1950 contra
1417 1901 1593 1964 scirpus
1616 1904 1766 1952 modo

490 1991 549 2038 ad
580 1987 761 2047 apicem
790 1984 975 2032 seminis
997 2019 1013 2043 ‚
1058 1982 1206 2030 modo
1235 1981 1291 2029 ad
1316 1981 1415 2028 eius
1445 1981 1574 2030 basin
1603 1982 1770 2031 instru-

492 2071 591 2118 &us
626 2066 708 2114 est.
776 2065 926 2113 Aliud
956 2064 1243 2112 notiffimum
1281 2062 1422 2109 huius
1457 2062 1636 2111 ordinis
1671 2078 1769 2127 gra·

492 2164 631 2208 men‚
670 2144 761 2193 est:
801 2143 1098 2211 Eriopborum
1116 2144 1328 2205 Linnaei,
1365 2145 1475 2191 alias
1496 2145 1774 2211 Linagrostis

493 2227 704 2287 dicrum,
752 2225 884 2287 quod
920 2226 1076 2273 media
1113 2225 1271 2273 aestate
1301 2225 1445 2274 floret
1467 2262 1483 2286 .,
1528 2227 1772 2288 villosque

493 2307 713 2370 copiosos
753 2315 1035 2369 argenteos,
1083 2305 1374 2353 tenuiffimos
1398 2341 1414 2366 .,
1454 2307 1625 2355 niueos
1655 2311 1773 2356 mul-

496 2401 600 2439 tum
632 2392 760 2438 vltra
787 2388 960 2449 spicam
986 2386 1237 2449 protensos
1267 2387 1447 2449 colligit
1486 2387 1536 2434 in
1571 2386 1775 2448 speciem

492 2468 714 2530 pendulae
757 2468 917 2515 barbae
963 2469 1164 2528 caprinae
1189 2503 1205 2528 ‚
1269 2481 1457 2514 amoeno
1517 2467 1775 2517 admodum

495 2546 766 2608 spe&aciilo
799 2547 858 2593 de
883 2548 1135 2608 paludibus
1164 2545 1462 2608 prodeuntis.
1488 2590 1495 2594 .
1548 2548 1669 2596 Non
1709 2550 1780 2597 in-

498 2627 636 2676 utilia
669 2627 784 2675 fecit
813 2626 905 2675 iam
939 2644 1009 2678 ars
1046 2629 1255 2676 textoria
1277 2629 1633 2693 experimenta,
1670 2629 1779 2679 suos

1728 2724 1779 2760 ln
