1881 3137
479 183 564 258 96
882 179 1234 241 eLAss1s
1271 181 1364 242 1v.

483 317 594 352 rum
622 301 834 351 inuenias
856 337 873 363 ‚
910 313 1053 353 erunt
1085 306 1211 353 enim
1243 304 1427 367 semper
1462 306 1548 355 iuli
1587 309 1770 371 coryli,

489 388 625 435 cuius
658 383 819 433 nuclei
854 385 1087 432 corticem
1117 386 1276 433 album
1305 389 1621 451 promittunt,
1658 391 1771 439 albi-

492 467 651 515 diores
673 502 690 528 ,
727 466 811 513 vel
840 463 990 511 dilute
1010 465 1262 516 viridiores
1282 502 1298 527 ‚
1337 483 1441 539 quae
1468 471 1664 520 rubrum
1685 485 1770 519 nu-

491 550 583 597 clei
616 548 847 596 corticem
878 545 1062 607 sperare
1084 546 1294 608 faciunt,
1338 542 1454 596 fusci
1472 551 1648 613 magis,
1690 559 1773 598 aut

493 629 750 694 purpurei,
781 630 995 677 occurrit
1027 635 1188 674 autem
1215 626 1666 690 Vtriusque'speciei
1693 631 1771 678 ali-

497 724 591 773 qua
620 709 825 757 varietas
851 745 867 772 ,
914 709 960 757 &
995 708 1154 770 quoad
1186 708 1401 756 colorem
1421 743 1437 768 ,
1492 707 1538 756 &
1580 709 1772 757 consue-

492 799 591 837 tam
629 787 808 837 fruetus
841 789 1240 852 magnitudinem,
1277 801 1419 847 quam
1450 786 1636 835 cultura
1663 800 1775 835 con-

491 869 676 930 seruat,
712 868 758 916 &
787 869 979 916 exaltat.
1047 863 1298 918 Blanditur'
1329 879 1430 914 non
1463 866 1618 914 minus
1648 868 1770 929 pala-

492 961 548 997 to
581 946 764 1015 Juglam
783 978 796 1004 2
830 948 1198 1010 frequentiffime
1241 945 1290 993 in
1326 943 1583 992 Germania
1614 946 1772 1007 culta,

492 1029 662 1081 nullibi
707 1027 877 1088 sponte
916 1028 1094 1077 ibidem
1127 1025 1369 1085 crescens,
1425 1025 1543 1074 Nux
1574 1028 1769 1087 proprie

495 1108 618 1160 dicta
645 1105 1023 1170 Tournefortio,
1061 1120 1165 1168 quae
1192 1106 1368 1167 pariter
1388 1101 1597 1165 masculos
1623 1103 1769 1152 flores

491 1186 640 1236 habet
677 1188 725 1234 in
757 1197 1002 1236 amentum
1042 1184 1247 1249 digestos
1288 1185 1554 1248 oblongum
1576 1218 1592 1245 ,
1638 1185 1773 1247 quod

490 1269 706 1331 Vndique
750 1264 1258 1327 imbricato-sparsum
1294 1266 1397 1327 est,
1451 1263 1498 1312 &
1540 1265 1774 1327 cylindra-

492 1361 632 1396 ceum
652 1383 669 1409 ,
712 1349 914 1411 itidem,
969 1357 1027 1395 vt
1057 1349 1105 1395 in
1144 1349 1294 1409 priori
1332 1361 1507 1412 genere
1550 1347 1771 1397 vnifloris

493 1443 520 1475 e
550 1427 753 1489 squamis
790 1428 1110 1490 compositum
1132 1463 1148 1489 ,
1190 1429 1374 1476 corolla
1401 1428 1642 1492 gaudenS,
1677 1445 1772 1491 qua

495 1511 693 1570 corylus
724 1519 855 1555 caret
874 1543 891 1569 ,
937 1509 987 1556 in
1016 1516 1229 1568 Vtroque
1259 1507 1404 1569 serm,
1440 1507 1660 1571 femineos
1685 1511 1773 1557 flo-

490 1606 567 1641 res
605 1592 839 1641 exhibens
874 1591 1055 1652 absque
1084 1600 1279 1639 amento
1301 1627 1318 1653 ,
1362 1591 1532 1652 alteri,
1569 1591 1651 1645 vel
1675 1600 1773 1642 ter·

489 1675 564 1722 tio
597 1673 830 1734 sociatos,
866 1671 1065 1732 seffiles.,
1094 1673 1348 1737 pericarpio
1373 1673 1583 1722 formato
1613 1688 1640 1720 e
1662 1675 1772 1725 bac-

492 1765 550 1799 ca
576 1752 731 1813 sicca,
771 1750 899 1798 ouali
921 1785 936 1810 ‚
973 1763 1173 1812 magna,
1208 1751 1531 1813 vniloculari.,
1569 1755 1701 1814 quod
1720 1757 1772 1805 in

489 1832 536 1881 se
560 1837 708 1884 habet
734 1846 886 1881 nucem
897 1832 1188 1895 maximam,
1225 1833 1595 1896 subrotundam,
1632 1835 1772 1886 sulcis

487 1920 818 1978 reticulatam,
855 1914 1427 1975 semiquadriloeularem‚
1461 1918 1638 1964 nucleo
1658 1932 1769 1979 qua·

490 2002 716 2061 dri10b0‚
752 1998 886 2045 varie
921 1995 1118 2045 sulcatO.
1186 1995 1355 2044 Prouti
1381 2009 1532 2058 vem,
1564 2012 1669 2060 quae
1690 2000 1770 2051 ha.

486 2083 653 2131 &tenus
688 2094 714 2126 a
743 2077 924 2139 potiori
960 2079 1207 2126 monoeciae
1240 2076 1535 2139 polyandriae
1570 2077 1770 2131 fuerunt

489 2176 518 2209 e
550 2156 825 2209 memoratis
861 2157 1111 2205 arboribus
1151 2157 1197 2205 &
1226 2157 1479 2206 fruticibus
1520 2156 1660 2208 huius
1693 2176 1767 2211 or-

489 2240 609 2288 dinis
637 2272 654 2298 ,
707 2237 773 2284 ita
806 2235 967 2297 potest
1008 2237 1151 2284 etiam
1190 2234 1449 2285 Germania
1493 2237 1767 2300 producere

488 2320 588 2368 duo
628 2318 845 2378 exempla
879 2318 1222 2366 monoeciarum
1252 2318 1619 2368 tetrandriarum
1656 2322 1768 2372 Lin'-

487 2399 612 2460 naei,
659 2395 766 2447 sunt
796 2411 852 2444 ea
882 2395 1060 2459 betula,
1098 2398 1144 2445 &
1175 2395 1302 2447 alnus
1322 2433 1336 2457 ,
1375 2412 1430 2445 ea
1462 2399 1652 2460 quidem
1680 2403 1764 2466 ipsi

484 2480 635 2542 vulgo
667 2477 850 2528 cortice
881 2479 1027 2526 niueo
1065 2477 1111 2527 se
1145 2479 1383 2540 prodenS,
1418 2467 1466 2528 in
1497 2479 1762 2545 densissimis

489 2561 724 2607 emicante
764 2559 1004 2606 variarum
1036 2560 1262 2607 arborum
1293 2557 1417 2606 siluis
1435 2594 1453 2620 ,
1492 2559 1538 2608 &
1568 2561 1764 2625 copioso

476 2639 658 2702 etiam,
696 2651 840 2700 quem
866 2641 1058 2691 terebra
1085 2638 1288 2690 sauciata
1319 2641 1506 2692 vernali
1525 2651 1762 2710 tempore,

1664 2723 1763 2771 eul-
