1881 3137
198 1109 436 1164 Explicatio

469 155 574 215 108
885 142 1246 205 CLASSIS
1282 143 1352 203 V.

469 269 679 331 plicitate
709 266 926 328 datium,
963 268 1035 315 hae
1066 270 1305 331 praecipue
1333 267 1633 316 diuerfitatesr
1659 267 1752 317 Bo-

471 344 741 391 tanicorum
796 343 1120 392 vmbellifcras
1169 361 1195 394 a
1240 347 1400 407 primis
1451 346 1750 395 incunabulis

474 422 701 472 attentius
740 422 1096 472 obseruantium
1125 428 1295 474 oculos
1324 426 1558 487 subeunt,
1606 442 1752 489 quare

476 512 682 566 quatuor
723 503 863 552 etiam
899 501 969 550 Cl.
1002 503 1188 553 Aue-Ttor
1223 520 1385 554 earum
1418 505 1610 556 ordines
1642 505 1754 558 inde

477 584 740 634 constituit.

824 715 1003 776 Clasfis
1041 717 1108 777 V.
1186 716 1317 779 Ord.
1365 734 1412 780 1,

533 838 1215 906 VMBELLIFERAE,
1270 837 1705 903 VMBELLA

926 933 1324 1006 SIMPLICI.

580 1085 711 1154 Quid
741 1087 1041 1136 vmbellifera
1076 1087 1161 1137 fibi
1189 1089 1353 1150 planta
1379 1089 1532 1150 velit,
1581 1086 1762 1148 expost-

200 1166 340 1208 Claffis
369 1165 427 1207 V·
479 1179 583 1219 tum
624 1171 718 1219 fuit
755 1172 805 1219 in
845 1170 1040 1219 historia
1087 1169 1495 1218 vmbelliferarum
1542 1167 1762 1230 proxime

202 1219 307 1261 Ord.
346 1233 361 1260 1
371 1248 381 1259 .

199 1270 451 1314 Umbellife-
479 1252 706 1312 praemiss'a
746 1252 991 1316 generali,
1038 1265 1141 1313 quae
1182 1252 1386 1312 aliquam
1425 1250 1567 1298 etiam
1605 1248 1762 1298 facem

199 1327 458 1386 rae,vmpe11a
475 1331 569 1378 iam
597 1324 814 1380 accendit
834 1332 951 1380 ideae
975 1332 1385 1379 vmbelliferarum
1408 1329 1632 1378 vmbellae
1660 1328 1762 1377 sim-

199 1375 384 1443 simplici.

479 1412 642 1474 plici33
694 1430 781 1477 per
815 1430 892 1463 eas
927 1413 1150 1460 nimirum
1187 1413 1462 1475 intelligunt
1493 1407 1762 1458 vmbellife·

480 1508 554 1541 ras
586 1493 712 1556 illas,
763 1503 866 1554 quae
910 1500 992 1539 aut
1025 1492 1218 1539 Vnicam
1254 1490 1417 1540 saltem
1449 1490 1631 1539 habent
1659 1499 1762 1535 vm·

482 1575 684 1633 bellam,
726 1578 943 1617 extremo
973 1578 1159 1618 tantum
1181 1569 1317 1618 caule
1335 1571 1384 1618 in
1403 1568 1561 1616 radios
1579 1568 1764 1629 aliquot

483 1653 542 1702 ad
564 1652 789 1703 vmbellae
817 1650 1017 1700 modum
1048 1650 1179 1711 fiffo,
1223 1662 1281 1701 vt
1308 1655 1358 1701 in
1388 1651 1587 1713 eryngio
1617 1647 1761 1696 offici-

482 1750 650 1787 narum
670 1769 686 1794 ‚
732 1731 777 1778 &
804 1730 1047 1793 phyllide‚
1101 1739 1182 1778 aut
1224 1741 1356 1777 certe
1394 1728 1628 1777 vmbellas
1659 1724 1762 1773 vni-

481 1815 682 1866 uersales
713 1813 877 1875 paucis
911 1811 1167 1860 admodum
1200 1810 1340 1859 radiis
1376 1809 1674 1871 constantes,
1714 1811 1764 1857 in

481 1895 716 1945 relatione
752 1894 811 1942 ad
841 1893 1073 1941 vmbellas
1111 1891 1333 1952 partiales
1353 1928 1368 1954 ‚
1423 1891 1632 1940 minores
1673 1904 1764 1939 am-

482 1976 601 2024 bitu.
687 1973 844 2021 Pauca
870 1972 978 2021 sunt
1006 1971 1148 2019 huius
1178 1971 1356 2020 ordinis
1392 1985 1566 2034 genera
1601 1968 1646 2015 &
1684 1985 1763 2018 ex·

481 2057 662 2119 effipia,
714 2069 806 2103 nec
853 2053 1038 2114 omnia,
1087 2066 1190 2113 quae
1231 2051 1314 2099 sub
1358 2062 1419 2096 eo
1457 2049 1517 2096 ab
1546 2047 1762 2097 Auctore

475 2133 647 2182 nostro
680 2133 1015 2191 nominantur,
1053 2130 1110 2178 ad
1132 2128 1434 2193 pentandrias
1453 2125 1637 2174 Linnaei
1658 2141 1762 2188 per-

481 2214 663 2275 tinent,
716 2214 783 2261 ita
839 2212 952 2261 hinc
1001 2210 1236 2270 excipitur
1274 2207 1529 2271 praesertim
1566 2203 1764 2263 Aralia,

481 2299 658 2353 vtpote
701 2307 805 2354 quae
847 2305 947 2340 non
988 2289 1136 2336 modo
1173 2288 1409 2337 baccifera
1449 2285 1553 2346 est,
1603 2285 1681 2333 sed
1717 2287 1762 2332 &

486 2370 696 2432 quinque
736 2370 888 2432 stylos
926 2368 1072 2417 habet
1092 2401 1107 2425 ,
1151 2366 1241 2418 ‚sed
1266 2366 1362 2427 ipse
1398 2366 1456 2412 de
1488 2365 1568 2412 illa
1595 2371 1763 2412 monet

481 2447 735 2511 Linnaeus‚
782 2446 938 2511 quod,
984 2445 1100 2507 lieet
1135 2453 1408 2506 pentagyna
1438 2443 1520 2504 fit,
1576 2443 1762 2505 optimo

480 2536 642 2576 tamen
681 2528 786 2574 iure
839 2523 959 2575 claffi
1000 2523 1206 2571 naturali
1243 2522 1652 2572 vmbelliferarum
1698 2524 1765 2572 in-

480 2615 802 2672 corporetur.-
877 2606 1000 2655 Sunt
1032 2616 1155 2652 vero
1198 2604 1295 2654 duo
1323 2606 1595 2668 plantarum
1625 2619 1764 2672 gene-

1714 2699 1766 2735 ra
