1881 3137
580 144 843 203 L1L1A,
1278 161 1355 219 75

79 272 269 320 demum
297 266 440 329 aestate
469 265 640 326 floret,
679 267 762 313 vel
796 264 877 312 sub
912 265 1011 310 eius
1045 265 1188 312 finem
1208 301 1223 326 ‚
1251 281 1352 314 ‘nec

78 370 177 404 non
202 354 298 401 huc
317 349 568 398 referenda
595 348 662 396 est
684 346 978 403 Cwmaelina,
1012 345 1204 394 vernalis
1224 348 1353 407 plan·

79 446 127 483 ta
147 471 162 496 ‚
200 436 248 482 in
272 429 423 478 hortis
455 430 609 490 culta,
652 444 677 475 e
700 425 1024 475 culinaribus:
1061 424 1239 483 allium,
1274 441 1350 473 cu·

77 516 147 562 ius
194 514 359 574 aliquae
403 509 579 570 species
625 525 727 558 vere
769 509 981 565 florent,
1028 511 1251 569 porrum,
1304 508 1349 554 &

76 601 181 657 cepa
205 629 219 651 ,
266 606 368 652 quae
409 592 551 654 magis
589 591 766 653 aestate,
814 590 892 636 sed
924 604 950 635 e
976 585 1256 649 vernalibus,
1305 591 1351 637 ὃς

79 670 402 720 autumnalibus
417 673 653 733 praecipue
672 671 766 717 huc
787 670 996 730 pertinet
1015 683 1188 728 crocus,
1226 672 1350 731 apud

80 770 169 803 nos
201 754 249 799 in
281 754 432 800 hortis
465 754 652 813 cultus,
689 749 922 801 colchicum
943 781 957 809 ‚
1009 749 1139 810 quod
1162 748 1242 798 sub
1271 768 1347 799 au-

80 845 282 883 tumnum
309 843 443 892 prata
477 842 618 880 ornat
645 835 824 895 absque
850 833 995 893 foliis,
1022 847 1138 880 Vere
1161 832 1352 883 demum

82 916 428 981 prodeuntibus
446 952 460 975 7
496 916 614 963 iunci
650 929 675 960 e
703 915 980 977 paludibus,
1019 915 1064 962 &
1092 917 1236 977 pratis
1267 918 1352 964 hu-

82 999 216 1047 midis
247 1011 383 1045 verno
414 995 669 1056 praesertim
704 1004 923 1057 tempore
959 997 1127 1058 sponte
1163 996 1353 1057 copiose

79 1079 185 1127 satis
217 1079 341 1139 apud
373 1093 461 1125 nos
499 1086 795 1138 emergentes
822 1112 836 1137 .,
868 1078 1028 1139 paffim
1061 1079 1118 1126 ad
1148 1079 1356 1141 gramina

82 1161 232 1209 relati.

424 1269 602 1328 Claffis
639 1270 701 1327 ΙΙ.
781 1269 910 1328 Ord.
951 1287 1007 1345 4.

188 1422 392 1488 Qartus
422 1423 628 1484 denique
667 1421 859 1473 liliorum
898 1419 1008 1472 ordo
1056 1423 1169 1471 fistit
1215 1424 1353 1472 nobis
1383 1440 1619 1498 Ekpficaffio

88 1500 208 1551 Lilia
236 1499 467 1567 polygyna
486 1536 500 1560 ,
537 1515 592 1546 ea
615 1502 871 1561 videlicet„
907 1515 1010 1562 quae
1042 1517 1144 1550 vno
1169 1504 1359 1551 eodem-
1387 1495 1509 1591 8ῑέΠῖ
1538 1497 1593 1539 Π·

88 1595 183 1644 que
217 1581 266 1627 in
304 1578 513 1627 thalamo
550 1581 687 1642 plura
721 1579 892 1641 pistilla
915 1616 931 1641 ,
977 1584 1059 1631 vel
1097 1593 1227 1632 certe
1259 1602 1358 1650 ger·
1386 1564 1598 1658 &113³sp-

87 1663 214 1710 mina
242 1660 421 1707 habent
441 1696 456 1721 ‚
504 1668 587 1707 aut
618 1660 907 1721 quandoque
938 1664 1144 1713 totidem
1173 1675 1359 1719 tantum
1388 1660 1559 1715 lygyna.

85 1741 326 1804 stigmata,
362 1740 454 1800 ita,
494 1755 597 1801 quae
628 1738 880 1807 Triglochin
907 1745 1062 1802 audit,
1099 1746 1260 1805 planta
1279 1766 1357 1812 pa—

85 1821 244 1872 lustris
272 1819 412 1867 huius
441 1822 648 1881 ordiniS,
685 1820 895 1884 Iuncago
920 1823 1040 1872 dieta
1059 1825 1357 1876 Tournefor-

85 1904 156 1951 tio
179 1938 194 1963 ‚
233 1915 260 1948 a
285 1899 504 1949 Bauhino
540 1903 597 1950 ad
623 1904 831 1965 gramina
860 1906 1009 1952 relata
1035 1920 1229 1969 germen
1263 1909 1359 1969 qui-

56 2039 59 2041 ,
88 1984 196 2030 dem
225 1980 423 2028 Vnicum
452 1980 600 2030 habet
626 1994 875 2044 magnum,
911 1981 990 2030 sed
1009 1983 1223 2048 stigmata
1250 1988 1357 2049 tria,

93 2061 175 2108 vel
205 2058 351 2118 duplo
378 2061 541 2121 plura,
594 2070 742 2121 prout
767 2063 911 2112 etiam
940 2063 1056 2112 olim
1086 2064 1270 2127 capsula
1297 2069 1359 2116 se-

89 2136 273 2186 minalis
305 2137 353 2184 in
381 2146 460 2184 tot
485 2137 583 2186 fiss'a
612 2140 680 2188 est
699 2143 916 2202 loculoS,
954 2154 1074 2205 quot
1098 2146 1233 2196 fuere
1258 2148 1361 2213 stig-

88 2223 244 2276 mata,
293 2224 524 2278 praeterea
556 2222 829 2282 exemplum
862 2223 908 2269 &
937 2237 1084 2285 genus
1116 2228 1254 2275 huius
1287 2244 1361 2277 or-

92 2302 212 2350 dinis
248 2302 536 2351 notiffimum
566 2303 633 2349 est
658 2320 670 2352 :
718 2316 974 2367 veratrum,
1012 2307 1217 2361 elleborus
1243 2311 1366 2364 albus

90 2379 395 2442 officinarum,
432 2382 693 2445 speciosum
723 2386 978 2437 hortorum
1001 2403 1363 2458 ornamentum,

94 2458 253 2508 aestate
280 2462 436 2510 media
468 2463 646 2512 florens
669 2499 684 2526 ‚
723 2466 854 2526 quod
884 2467 1108 2519 Linnaeus
1140 2471 1288 2521 habet
1317 2474 1367 2523 in

95 2539 228 2586 claffe
256 2543 540 2606 polygamiae
573 2547 849 2609 monoeciae,
880 2553 1111 2609 *quoniam
1129 2554 1178 2600 in
1199 2553 1365 2605 eadem

90 2617 287 2680 planta,
323 2618 368 2666 &
399 2620 552 2683 specie
576 2658 593 2685 ,
643 2625 692 2672 in
723 2625 914 2678 diuerfis
954 2639 1114 2683 autem
1151 2633 1366 2685 thalamis

676 2700 724 2750 K
759 2719 785 2753 2
1063 2721 1069 2725 ·
1264 2712 1366 2762 her-
