1881 3137
419 149 982 216 PRAELvmvivr.
1273 151 1353 225 53,>

101 283 245 334 XIX.
283 274 675 328 CRYPTAN-
739 269 1314 324 XX.LITHOPHY-

236 358 282 405 T
293 356 341 403 H
352 354 395 402 E
405 354 450 402 R
461 352 538 401 AE.
974 347 1086 398 TA.

200 436 383 483 Peziza.
846 430 926 479 Isis
937 465 953 490 ,
988 428 1068 477 seu
1103 427 1346 475 corallum.

206 512 442 561 Clathrus.
845 508 1065 571 Spongia.

201 591 542 655 Lycoperdon.
846 585 1161 645 Lithoxylon.

196 673 389 734 Hydna.
841 665 1110 714 Sertularia.

199 750 383 812 Byffus.
844 744 1111 805 Tubipora.

197 828 392 876 Mucor.
838 822 896 870 M
901 823 1142 882 adi-epora.

829 901 1102 964 Millepora.

66 1024 146 1073 Sic
176 1036 281 1070 vno
311 1021 566 1083 conspectu
599 1022 838 1070 habentur
860 1034 963 1069 non
992 1032 1159 1068 omnes
1190 1018 1339 1066 modo

68 1107 139 1154 cl.
172 1102 397 1151 Auctoris
427 1101 630 1162 ClasseS‚
666 1116 838 1149 verum
876 1100 921 1147 &
949 1113 1123 1162 genera
1152 1100 1341 1158 omnia,

66 1202 172 1250 quae
206 1190 255 1235 in
280 1201 429 1248 opere
449 1186 548 1248 ipso
567 1189 779 1249 plurimis
801 1188 1043 1251 speciebus
1063 1190 1197 1240 austa
1218 1191 1342 1254 sunt,

64 1275 297 1332 poterunt
332 1267 435 1314 haec
462 1266 675 1316 sufficere
714 1269 772 1316 ad
807 1269 1112 1332 intelligenda
1152 1270 1352 1331 potiora

63 1350 340 1413 Systematis
360 1358 605 1396 momenta
619 1386 635 1412 ‚
673 1350 1062 1398 commendamus
1084 1359 1244 1398 autem
1262 1348 1346 1397 Ti-

62 1432 261 1478 ronibus
303 1429 515 1490 inprimis
547 1427 819 1489 Botanicis,
866 1437 926 1475 vt
958 1429 1068 1476 heic
1100 1429 1343 1490 proposita

62 1511 187 1557 bene
216 1508 299 1555 fibi
321 1509 514 1569 cognita
533 1506 736 1553 reddant
759 1521 960 1568 genera,
996 1518 1178 1568 vtpote
1195 1524 1222 1555 a
1240 1508 1340 1570 qui-

60 1590 151 1638 bus
189 1588 338 1636 facilis
375 1587 449 1634 est
485 1586 706 1633 transitus
737 1585 797 1633 ad
824 1585 1210 1635 internoscendas
1241 1586 1339 1648 spe-

60 1670 184 1730 cies,
219 1679 447 1729 generum
474 1675 636 1712 autem
666 1664 957 1712 chara&eres
993 1666 1248 1716 commode
1270 1666 1336 1712 in-

54 1748 223 1800 uenire
260 1746 428 1805 liceat,
472 1744 620 1802 modo
658 1745 816 1791 velint
856 1744 1092 1804 applicare
1124 1743 1332 1794 Tirones

56 1828 276 1884 Botanici
306 1826 625 1874 attentionem
652 1823 698 1869 &
723 1824 1021 1885 industriam,
1058 1840 1165 1885 quae
1192 1826 1333 1873 debe-

57 1922 136 1961 tur
176 1905 380 1955 examini
418 1904 530 1952 huic
551 1940 567 1964 ,
613 1903 912 1967 planiffimam
954 1906 1161 1954 reddunt
1200 1909 1331 1956 Viam

52 2004 201 2039 vaurea
227 1985 313 2034 ista
343 1984 520 2034 Linnaei
548 2001 712 2052 genera
737 1981 1024 2049 plantarum,
1077 2002 1168 2035 nec
1199 1988 1330 2049 quid-

233 2077 374 2124 quam
399 2064 597 2124 impedit
627 2064 951 2128 cognitionem
983 2065 1162 2114 diuersa

456 2142 639 2189 Linnaei
669 2144 940 2192 methodus.

1182 2711 1338 2762 Claffis
