1881 3137
500 206 576 267 74
907 190 1259 251 CLASSIS
1307 189 1368 248 11.

849 332 1027 390 Claffis
1066 333 1124 390 11.
1203 331 1336 390 Ord.
1379 351 1429 390 2.

225 467 463 523 Explicatio
607 452 825 504 Secundus
869 450 976 500 ordo
1022 450 1215 501 liliorum
1256 453 1451 501 exhibet
1490 450 1584 502 lilia
1616 450 1784 502 corolla

227 522 366 564 Claffis
395 521 448 563 Π·
504 531 793 599 hexapetala‚
829 533 911 578 Vel
936 530 1209 596 polypetala,
1244 532 1290 579 id
1318 528 1384 578 est
1407 567 1423 591 ,
1464 546 1566 593 quae
1601 531 1782 594 semper

223 576 333 670 35ῗᾶ
355 589 486 670 czcirol-
505 615 644 674 plura
679 624 781 657 vno
803 646 820 671 ,
863 609 908 656 &
941 624 966 655 a
995 610 1178 669 potiori
1195 609 1281 674 sex
1311 608 1463 676 petala
1496 611 1676 658 habent
1719 611 1782 658 di—

225 685 263 723 la
284 684 450 734 hexape-
504 688 702 745 stin&a;
757 688 973 748 exempla
1014 685 1158 748 sunt,
1204 688 1248 734 &
1287 702 1462 751 genera
1507 702 1532 734 e
1580 688 1781 749 cognitis

224 738 439 842 {ffatim-p
445 749 489 777 ⁰-
504 772 707 835 plantis:
767 766 1054 826 Fritillaria,
1104 769 1290 831 elegans
1336 769 1478 816 valde
1526 768 1781 817 hortorum

505 848 683 901 vernale
723 858 1059 896 ornamentum
1079 883 1096 908 .,
1137 848 1336 914 petilium
1355 884 1370 908 ,
1428 848 1584 896 media
1625 847 1782 895 aestate

505 933 705 994 superbe
735 931 914 978 florens
936 965 952 990 ‚
987 926 1137 976 lirium
1157 965 1171 989 ‚
1208 930 1291 977 vel
1319 928 1468 975 lilium
1497 928 1690 989 proprie
1719 928 1781 975 fic

507 1010 714 1071 dicium,
751 1010 909 1058 aestiua
941 1007 1118 1068 pariter
1145 1008 1337 1067 planta,
1371 1005 1537 1072 tulz'pa,
1570 1007 1778 1069 specioso

507 1092 649 1138 valde
680 1088 853 1139 vernali
894 1098 1069 1135 ornatu
1099 1088 1268 1135 hortos
1300 1089 1553 1148 amiciens,
1589 1085 1779 1136 ornitho-

501 1169 682 1237 galum,
718 1168 927 1217 siluestre
948 1168 1064 1216 veris
1085 1166 1129 1212 &
1151 1177 1397 1228 pratorum
1424 1179 1776 1225 ornamentum,

496 1245 654 1311 scilla,
694 1247 881 1309 elegans
911 1244 1104 1295 vernalis
1136 1242 1357 1293 flosculus
1375 1279 1390 1306 ‚
1426 1240 1675 1308 asphodelus
1705 1243 1776 1291 iti-

505 1327 615 1376 dem
642 1324 851 1380 vernalis.

841 1467 1022 1527 Classis
1060 1466 1123 1523 11.
1203 1467 1333 1525 Ord.
1378 1484 1426 1540 3.

219 1600 456 1656 Explicatio
604 1602 777 1654 Tertius
821 1598 1015 1650 liliorum
1057 1598 1164 1649 ordo
1213 1601 1295 1648 snb
1342 1600 1386 1647 sc
1444 1603 1776 1665 compleffltur

220 1654 430 1761 glffiff31,l'
496 1685 590 1739 lilia
616 1681 873 1737 caliculum,
904 1694 960 1727 ea
993 1679 1198 1742 scilicet,
1236 1695 1368 1741 quae,
1403 1696 1510 1729 cum
1541 1684 1637 1731 lilia
1668 1686 1774 1732 reli-

216 1761 328 1804 Lilia
348 1764 438 1807 cali·
499 1779 704 1828 quorum
740 1763 962 1812 ordinum
1003 1763 1164 1811 omnia
1201 1761 1358 1808 nudos
1396 1763 1540 1810 fiores
1579 1775 1772 1827 gerant,

219 1818 361 1859 ‘mma‘
496 1842 797 1894 manifestum
819 1841 1041 1900 calicem,
1083 1855 1290 1901 eumque
1321 1841 1371 1888 in
1399 1841 1559 1888 multis
1594 1842 1772 1903 spatha*

499 1940 665 1986 ceum,
700 1925 900 1985 longum
928 1921 1143 1982 habent,
1182 1935 1278 1982 quo
1312 1923 1410 1969 aliae
1443 1932 1605 1969 carent
1637 1938 1772 1982 pror-

493 2008 594 2064 sust,
631 2006 848 2065 exempla
877 2006 1006 2065 sunt,
1043 2004 1089 2050 &
1120 2016 1317 2064 genera:
1357 2000 1577 2067 Narciffi,
1612 2002 1773 2062 primo

492 2104 593 2137 vere
628 2104 714 2151 per
755 2088 925 2134 hortos
967 2087 1196 2134 florentes
1217 2118 1232 2143 ‚
1291 2082 1460 2130 deinde
1501 2084 1767 2152 galanthus,

489 2170 647 2221 mense
677 2169 849 2217 martio
878 2170 970 2216 iam
999 2177 1257 2227 amarem,
1295 2162 1340 2208 &
1375 2161 1583 2214 leucoium
1602 2168 1767 2217 eadem

491 2252 601 2300 anni
651 2249 853 2312 periodo
896 2251 945 2297 in
997 2248 1148 2295 hortis
1205 2244 1513 2307 conspicuum
1545 2286 1561 2311 ‚
1616 2267 1765 2315 porro

489 2328 716 2397 amaryllis
732 2366 748 2391 ‚
784 2329 916 2377 cuius
944 2328 1077 2376 omni
1099 2327 1266 2376 habitu
1291 2326 1642 2387 splendidiffima
1669 2333 1766 2395 spe-

491 2410 585 2456 cies
615 2425 716 2458 vere
747 2410 909 2470 prodit
929 2447 946 2472 .,
984 2427 1087 2478 quae
1120 2410 1230 2457 alias
1263 2409 1460 2457 dicitur:
1497 2410 1766 2464 Lilio-nar-

488 2492 625 2543 ciffus
653 2493 920 2556 iacobaeus‚
957 2496 1078 2543 flore
1113 2493 1366 2556 sanguineo
1399 2500 1626 2559 nutante,
1654 2497 1765 2546 hor.

490 2576 663 2624 tulanis
707 2577 940 2624 nomine:
998 2573 1086 2622 Iris
1128 2573 1326 2623 Suecica
1372 2571 1586 2621 celebris,
1679 2575 1764 2624 Est

490 2654 632 2704 etiam
666 2654 768 2703 haec
801 2655 926 2703 inter
955 2654 1053 2702 lilia
1092 2651 1389 2718 tradssantia
1408 2689 1424 2716 ‚
1470 2668 1574 2715 quae
1607 2659 1762 2705 media

1570 2732 1757 2785 demum
