1881 3137
587 175 1060 238 PRoLoova
1461 196 1541 256 29

118 317 304 380 capere
346 299 528 357 datum
569 300 643 355 est
674 301 1033 372 experimenta
1056 334 1071 363 ,
1126 298 1210 356 sed
1245 302 1537 359 coniunffis

117 392 204 448 hic
233 406 367 464 opus
396 389 469 444 est
501 390 699 446 viribus
733 390 977 445 omnium
996 424 1012 452 ,
1076 391 1166 463 qui
1197 407 1350 464 pares
1386 396 1537 465 operi

112 479 248 535 hanc
282 493 560 553 pertexere
595 476 752 533 telam
783 477 972 534 valent.

226 569 573 626 Varietatibus
624 568 842 624 meliora
893 567 1026 642 saepe
1075 569 1291 623 nomina
1336 565 1547 639 imponi

112 658 422 731 potuissent,
461 675 654 716 verum
687 659 825 722 istas,
865 676 989 715 cum
1021 657 1212 714 nullius
1236 655 1406 732 frugis
1437 655 1542 710 effe

114 747 385 810 censeam,
436 762 651 820 tangere
691 747 1018 822 supersedeo.
1136 746 1194 803 Id
1238 763 1408 802 vnum
1453 743 1538 799 hie

111 833 644 897 monuissesufficiat,
694 839 1004 892 varietatum
1051 835 1432 909 plerarumque
1468 832 1541 889 di-

108 925 423 999 gnotionem
456 923 555 978 esse
587 921 909 988 faciilimam,
948 940 998 981 at
1032 923 1145 980 solis
1177 925 1261 987 iis,
1297 926 1389 999 qui
1415 938 1533 997 par-

108 1028 186 1070 tes
210 1010 617 1069 fru&ificationis
651 1031 837 1070 omnes
871 1013 1046 1088 probe
1082 1028 1290 1076 tenent,
1330 1017 1392 1073 ὃς
1413 1027 1540 1068 con-

109 1100 359 1166 fiderant,
398 1120 522 1158 nam
551 1102 653 1159 sola
683 1102 1012 1160 fruffificatio
1045 1104 1225 1178 plures
1259 1118 1433 1176 partes
1466 1103 1541 1159 di·

109 1188 313 1249 stinEtas
345 1192 589 1255 exhibet,
630 1211 791 1267 quam
813 1195 1016 1267 integra
1043 1194 1353 1267 ceteroquin
1387 1191 1537 1266 plan-

107 1297 174 1339 ta.
253 1283 311 1339 In
334 1284 649 1358 quibusdam
676 1300 878 1348 tamen,
916 1289 977 1344 &
998 1285 1267 1358 inprimis,
1293 1283 1384 1339 vbi
1409 1299 1537 1356 pau-

108 1374 277 1430 ciores
315 1373 504 1448 species
546 1373 738 1430 eodem
767 1373 860 1430 sub
890 1390 1089 1448 genere
1132 1373 1387 1435 militant,
1443 1371 1533 1428 de·

107 1464 394 1519 terminatu
423 1461 676 1518 difficilius
706 1463 780 1516 est
801 1496 817 1524 ,
866 1477 1050 1518 Vtrum
1083 1479 1186 1535 pro
1224 1460 1389 1534 specie
1413 1495 1427 1522 ,
1468 1477 1543 1517 arr

106 1569 241 1608 vero
273 1568 376 1625 pro
405 1550 666 1607 Varietate
702 1551 959 1608 habendae
991 1551 1087 1606 fint
1110 1593 1128 1618 ,
1177 1551 1300 1608 hinc
1335 1550 1530 1625 aliquid

106 1639 519 1715 relinquendum
554 1642 818 1713 tempori,
867 1658 991 1697 nam
1021 1641 1258 1696 institutis
1294 1657 1392 1714 per
1425 1638 1532 1696 cul-

105 1745 283 1789 turam
315 1731 687 1804 experimentis
713 1727 860 1787 facile
891 1731 1137 1806 deinceps
1170 1729 1403 1804 patebit,
1445 1747 1533 1786 cu-

102 1821 309 1876 iusnam
345 1817 442 1874 sint
473 1815 679 1875 familiae
698 1853 713 1881 ‚
755 1817 887 1875 dum
915 1819 1091 1883 loeus,
1133 1821 1225 1894 qui
1258 1815 1529 1874 deformes

104 1908 368 1971 reddidit,
418 1922 648 1965 mutatus
680 1907 818 1966 sanas
855 1908 1068 1966 tandem
1091 1943 1109 1975 ‚
1158 1913 1220 1970 &
1253 1909 1526 1982 integerri—

103 2015 217 2059 mas
245 1997 456 2054 easdem
489 1998 739 2056 restituet.

217 2091 563 2148 Mirabuntur
595 2089 735 2146 forte
758 2124 776 2155 ‚
844 2090 937 2165 qui
979 2089 1340 2148 Prodromum
1385 2089 1530 2146 euol-

105 2197 235 2238 uere
259 2195 373 2235 non
397 2178 774 2253 dedignantur,
813 2182 904 2251 qui
926 2178 1039 2242 fiat,
1079 2194 1138 2235 vt
1168 2195 1366 2252 paruus
1395 2180 1529 2236 adeo

105 2269 177 2325 ibi
208 2268 407 2325 sistatur
437 2268 736 2342 plantarum
767 2284 1023 2323 numerus
1033 2302 1050 2331 ,
1089 2266 1265 2324 saltem
1285 2266 1527 2342 respeE’tu

101 2370 287 2416 earum
297 2393 313 2422 ,
354 2375 483 2433 quas
520 2356 840 2416 Clariffimus
872 2356 1001 2414 olim
1023 2357 1327 2416 Boerhauius
1357 2362 1411 2415 in
1446 2360 1526 2416 In-

100 2448 216 2506 dice
260 2447 422 2504 Horti
463 2446 954 2521 Lugduno-Bataui
1002 2451 1372 2523 enumerauit3
1440 2465 1520 2513 at,

101 2547 238 2611 puto
259 2570 275 2598 ‚
315 2536 492 2592 mirari
520 2535 754 2592 definent
774 2571 790 2597 ,
835 2535 926 2592 vbi
953 2536 1179 2594 viderint
1201 2573 1216 2600 ,
1251 2556 1341 2595 me
1372 2555 1522 2595 veras

100 2625 352 2686 duntaxat
379 2625 568 2702 species
585 2660 602 2690 ,
643 2623 846 2681 reieffis
875 2625 1119 2702 tantisper
1147 2626 1521 2693 Varietatibu5‚

753 2713 806 2771 D
848 2731 878 2788 3
1393 2731 1518 2790 pro-
