1881 3137
468 197 579 260 134
835 172 1193 242 cLAsffls
1241 178 1413 240 vui.

466 307 685 370 plicato,
744 305 811 354 est
844 321 903 354 ex
937 303 1214 363 euphorbiis
1256 303 1468 352 vinbella
1506 305 1768 366 multifida,

480 390 559 437 cui
593 390 734 437 etiam
770 386 1043 445 insidiatur,
1090 383 1136 429 &
1163 382 1444 443 frequenter
1484 384 1653 431 insidet
1681 384 1769 431 fin-

481 473 643 536 gulare
675 471 917 533 quoddam
951 482 1198 515 erucarum
1230 482 1405 529 genUS,
1445 468 1575 528 quod
1598 470 1645 515 in
1667 469 1769 530 pul-

481 553 769 602 cherrimum
793 549 1087 610 papilionem
1121 547 1311 607 transit,
1347 545 1456 592 inde
1489 562 1669 595 nomen
1700 561 1773 594 ac-

480 635 657 695 cipiens
688 632 745 678 ab
777 631 874 677 hoc
908 631 1019 676 loco
1056 643 1209 675 erucae
1258 626 1428 685 natali,
1483 625 1679 687 escaque
1706 628 1773 688 ip-

481 717 570 763 sius
602 721 766 775 grata,
801 709 1039 756 Praeterea
1067 709 1277 770 inprimis
1311 707 1455 754 etiam
1489 722 1548 754 ex
1573 707 1672 753 hoc
1696 723 1771 770 ge-

478 810 594 845 nere
629 791 830 839 ceiebris
862 789 930 836 est
960 790 1215 854 cataputia,
1245 783 1501 853 tithymalus
1530 784 1769 849 latifolius‚

485 878 530 925 &
570 875 738 935 sponte
783 869 1024 929 crescens,
1081 869 1126 915 δι
1165 869 1214 914 in
1251 868 1406 914 hortis
1456 867 1610 925 culta,
1669 878 1774 926 quae

490 953 681 1016 quidem
714 951 758 996 δε
790 949 970 1006 maior,
1008 947 1053 993 ἅ
1082 942 1239 994 minor
1272 947 1506 1005 habetur,
1545 954 1603 990 vt
1633 944 1773 1002 aliaS,

486 1047 589 1092 quae
656 1026 892 1074 nominari
954 1023 1174 1084 poss'ent,
1237 1024 1413 1084 species
1475 1033 1773 1085 praeteream.

486 1104 777 1156 Notandum
806 1114 1040 1164 praeterea
1066 1103 1125 1150 de
1151 1105 1246 1151 hoc
1275 1104 1553 1164 euphorbiae
1580 1116 1774 1165 genere,

484 1186 620 1247 quod
663 1185 798 1231 iuxta
831 1182 1080 1230 Linnaeum
1119 1181 1201 1229 sub
1235 1181 1279 1228 se
1317 1182 1693 1244 comprehendat
1729 1181 1777 1228 &

486 1259 794 1328 Euphorbium
823 1274 1033 1319 verum,
1093 1260 1138 1306 &
1176 1258 1352 1322 Esztlam
1391 1261 1502 1308 Riu.
1535 1261 1585 1308 &
1625 1256 1778 1324 Tz'thy-

489 1340 683 1400 malum,
709 1349 859 1398 atque
890 1336 1251 1405 Tithymaloidem
1269 1338 1638 1401 Tournefortii,
1675 1354 1779 1400 par-

484 1424 537 1469 ui
569 1422 724 1480 enim,
776 1434 871 1466 nec
902 1417 1152 1465 essentialis
1185 1418 1253 1465 est
1278 1413 1516 1467 momenti
1554 1420 1781 1467 differen-

489 1505 581 1561 tia,
621 1513 724 1560 quae
755 1498 841 1544 has
867 1498 993 1544 inter
1016 1497 1202 1557 plantas
1234 1495 1518 1558 intercedit,
1557 1496 1782 1558 Euphor⁴

487 1579 621 1627 bium
664 1577 799 1639 vulgi
840 1576 1026 1622 caulem
1056 1582 1246 1625 tantum
1285 1579 1435 1626 habet
1465 1579 1798 1638 vtplurimum,

493 1662 758 1724 aphyllum,
794 1656 1096 1721 angulatum,
1129 1659 1217 1704 ve]
1245 1658 1521 1719 carnosum,
1562 1660 1783 1722 &petala

488 1741 537 1787 in
573 1737 856 1799 quibusdam
897 1734 1082 1795 trifida,
1139 1726 1326 1783 comam
1367 1746 1528 1784 autem
1565 1739 1786 1789 foliosam‘

491 1818 542 1864 in
586 1815 855 1863 summitate
901 1813 1107 1861 caudicis
1131 1850 1146 1875 ,
1210 1815 1491 1879 tithymalus
1537 1814 1780 1866 Tournef.

493 1898 680 1946 caulem
718 1895 902 1958 semper
934 1897 1081 1943 habet
1106 1895 1355 1958 foliosum,
1395 1899 1440 1946 &
1466 1898 1679 1948 eiusdem
1698 1900 1782 1947 Ti-

492 1977 814 2040 thymaloides
837 1978 1054 2037 calycem
1078 1978 1136 2024 ad
1162 1978 1284 2025 latus
1306 1979 1547 2028 infernum
1565 1981 1782 2045 gibbum,

493 2058 832 2119 calyciforme,
878 2059 927 2106 in
967 2058 1250 2120 quibusdam
1288 2061 1567 2123 euphorbiae
1612 2061 1786 2124 specie-

492 2143 583 2188 bus
616 2137 807 2186 masculi
829 2138 974 2186 flores
1003 2138 1324 2192 immiscentur
1356 2141 1565 2202 reliquis.
1634 2141 1786 2190 Aliud

493 2221 634 2269 huius
671 2219 850 2265 ordinis
886 2233 1034 2282 genus
1067 2221 1116 2268 in
1143 2222 1296 2269 hortis
1321 2221 1590 2271 Germaniae
1625 2222 1785 2284 paffim

498 2296 698 2344 obuium
742 2294 810 2342 est
847 2293 1091 2356 Cneorum,
1140 2298 1250 2346 alias
1289 2297 1506 2349 Cneorum
1546 2293 1785 2349 Matthioli

500 2366 706 2448 dietum,
759 2372 891 2430 quod
926 2372 994 2420 est
1031 2389 1057 2422 e
1095 2375 1231 2427 classe
1267 2377 1627 2440 triandriarum‚
1681 2386 1791 2425 1110..-⁷

500 2452 821 2504 nogynlarum
853 2445 1052 2498 Linnaei.

1625 2701 1781 2754 Claffis
