1881 3137
466 155 571 213 140
806 135 1162 200 CLASSIS
1210 139 1418 199 VIIII.

461 262 723 322 monoecia,
761 262 873 322 quin
896 261 941 308 &
972 275 1031 309 ex
1057 261 1152 324 ipsa
1181 263 1615 326 cryptogamiarum
1636 257 1750 311 Lin-

461 342 553 389 naei
580 339 715 388 claffe
743 339 962 387 videmus
989 339 1101 387 huic
1134 341 1289 388 ordini
1314 340 1567 389 subiectam
1590 340 1744 404 ficum,

463 421 645 481 vbique
685 420 732 466 in
775 418 1031 466 Germania
1079 416 1269 467 cuitam.
1379 421 1421 468 E
1458 418 1744 467 siluestribus

462 501 625 562 patriae
658 500 829 561 plantis
859 497 1086 545 tritiffima
1117 498 1185 544 est
1219 495 1437 563 Daphne,
1467 500 1747 559 frequenter

462 582 720 630 admodum
752 580 800 626 in
832 579 958 627 siluis
995 583 1167 644 obuia,
1211 580 1623 641 hermaphrodita,
1669 595 1745 628 ro-

461 661 540 708 seo
573 659 862 706 coronarum
899 659 1093 720 colore,
1143 669 1376 723 gratoque
1404 658 1584 718 odore,
1631 663 1745 719 quin

462 741 508 788 δε
542 738 800 787 acrimonia
830 747 1003 785 vrente
1038 740 1188 785 totius
1220 736 1485 785 substantiae
1515 736 1746 785 notissima

459 821 696 880 Medicis,
745 818 897 885 primo
939 835 1040 870 vere
1061 856 1074 879 ,
1128 820 1241 880 quin
1283 818 1552 867 declinante
1588 818 1745 866 hieme

460 904 552 949 iam
582 900 788 959 florens,
825 899 1005 945 habent
1032 899 1190 944 baccae
1214 898 1471 946 saturatum
1497 899 1743 958 ruborem,

463 995 609 1042 quare
629 980 700 1027 his
722 978 918 1026 Rufficae
943 978 1132 1025 femin-ee
1155 993 1294 1041 genas
1316 979 1600 1040 perfricant,
1640 994 1744 1040 quae

462 1075 647 1129 gratum
692 1065 790 1136 iis—-
790 1061 1047 1108 conciliare
1091 1062 1346 1122 ruborem,
1410 1076 1616 1122 eumque
1651 1077 1744 1110 ma-

460 1156 658 1195 nentem
692 1142 898 1191 student.
997 1140 1109 1187 Alia
1149 1142 1356 1202 vulgaris
1402 1143 1451 1188 in
1489 1140 1746 1189 Germania

458 1228 620 1286 planta
656 1225 796 1272 huius
842 1222 1019 1269 ordinis
1065 1219 1132 1266 est
1174 1219 1582 1287 Chrjfisplenium,
1628 1223 1743 1270 olim

460 1314 629 1353 contra
667 1305 803 1353 lienis
849 1300 1072 1349 infarEtUS
1118 1302 1238 1350 adeo
1278 1303 1549 1365 laudatum,
1595 1306 1743 1370 primo

456 1387 633 1446 pariter
662 1400 763 1433 vere
792 1387 841 1432 in
875 1383 1040 1431 riuulis
1074 1383 1338 1431 minoribus
1372 1383 1739 1445 reperiundum,

457 1481 601 1515 aurea
635 1466 768 1514 floris
799 1463 960 1511 tabula
996 1464 1277 1525 superbum3
1327 1463 1437 1511 dein
1468 1465 1535 1512 est
1563 1480 1742 1514 monoe-

459 1547 530 1594 cia
562 1543 821 1594 tetrandria
850 1544 1020 1600 vrtica‚
1057 1544 1189 1590 cuius
1219 1544 1363 1591 variae
1399 1543 1574 1605 species
1605 1544 1741 1606 spon—

457 1636 507 1672 te
535 1640 621 1687 per
655 1623 959 1671 Germaniam
988 1622 1228 1683 crescunt,
1267 1625 1366 1670 aliae
1396 1626 1444 1672 in
1474 1626 1627 1672 hortis
1662 1640 1742 1675 co—

455 1708 651 1763 luntur,
705 1716 817 1762 quas
852 1702 976 1747 inter
1017 1707 1190 1746 Vrente
1230 1701 1283 1746 vi
1316 1701 1507 1749 Sibirica
1545 1705 1738 1763 reliquis

455 1784 659 1845 palmam
691 1781 946 1844 praeripere
976 1778 1198 1841 videtur,
1236 1779 1447 1839 sequitur
1470 1783 1736 1845 parietaria,

454 1879 634 1922 morus,
665 1864 843 1926 pariter
881 1877 906 1908 e
941 1861 1076 1908 claffe
1111 1863 1480 1922 monoeciarum,
1516 1862 1738 1926 frequen-

454 1959 528 1994 ter
558 1945 691 1992 culta<
715 1959 804 2006 per
833 1941 1165 2001 Germaniam,
1201 1940 1388 2001 suisque
1412 1939 1642 1988 fructibus
1669 1944 1738 1990 in-

453 2035 527 2074 ter
549 2023 773 2070 Medicos
796 2023 1012 2070 celebris.
1083 2019 1321 2067 Praeterea
1343 2034 1466 2066 vero
1489 2019 1596 2068 sunt
1614 2037 1736 2083 quae-

453 2105 561 2151 dam
589 2101 805 2167 aquaticae
826 2099 1020 2166 plantae,
1058 2100 1153 2146 huc
1182 2099 1509 2162 pertinentes,
1545 2101 1594 2149 in
1615 2116 1737 2163 aqua

448 2184 630 2232 radices
665 2189 884 2243 agentes,
934 2180 1098 2239 illique
1136 2187 1239 2224 tum
1267 2178 1564 2240 innatantes,
1620 2195 1734 2241 quas

448 2259 606 2321 paffim
641 2258 782 2306 etiam
815 2258 864 2302 in
904 2256 1161 2302 Germania
1201 2258 1414 2317 reperire
1448 2257 1637 2318 liceat,
1674 2270 1733 2302 eo

447 2340 714 2400 pertinent:
754 2338 1106 2403 Potamogeton,
1146 2337 1343 2395 eiusque
1367 2337 1511 2382 variae
1535 2336 1732 2397 species,

448 2423 619 2471 deinde
655 2418 994 2489 myriophyllum
1010 2455 1024 2478 ,
1060 2420 1139 2466 seu
1165 2417 1436 2480 millefhlium
1461 2421 1733 2485 aquaticum,

453 2502 585 2561 quod
622 2502 762 2550 facile
790 2501 839 2547 in
877 2500 1157 2561 quibusdam
1186 2500 1316 2560 aquis
1351 2499 1730 2560 petrificantibus

450 2581 726 2643 lapidescit,
778 2579 857 2628 sed
896 2579 1163 2641 pleniorem
1205 2579 1345 2628 huius
1390 2581 1532 2631 claffis
1575 2582 1732 2630 ideam

1550 2660 1734 2723 aperiet
