1881 3137
485 203 564 269 86
874 193 1233 259 CLASSIS
1270 193 1374 254 111.

486 337 646 373 naeus:
683 320 922 371 Triticum
941 320 1109 375 radice
1143 331 1327 380 annua,
1359 318 1485 382 spica
1503 319 1667 383 giabra
1685 321 1771 370 ari·-

487 401 609 451 stata
630 437 646 464 ‚
692 401 932 451 Triticum
973 399 1190 448 aestiuum
1223 398 1462 460 Bauhini3
1516 402 1606 452 alia
1649 398 1774 463 spica

491 484 690 545 mutica,
724 496 828 543 quae
851 482 1064 530 triticum
1088 481 1379 543 hybernum,
1415 481 1563 532 aristis
1586 497 1773 546 carew,

491 564 692 614 Bauhini
714 597 730 623 .,
781 560 919 629 Siligo
962 559 1086 624 spica
1128 561 1345 622 mutica,
1381 561 1588 612 Lobelii.
1690 562 1777 612 Est

496 648 639 696 etiam
693 641 870 706 species
911 644 1050 693 huius
1099 643 1281 691 tritici:
1337 655 1526 708 gramen
1569 644 1777 694 caninum

474 725 714 788 ‚aruense‚
751 726 850 773 aliis
880 739 1074 788 gramen
1102 725 1359 773 loliaceum
1378 721 1536 771 radice
1554 731 1775 785 repente,

490 820 685 873 gramen
716 803 1016 853 officinarum
1041 801 1400 852 Tournefortio
1433 801 1628 864 dicium,
1662 801 1776 850 hinc

493 889 623 937 enim
663 885 894 934 habemus
937 884 1065 932 issam
1102 884 1310 931 radicem
1341 882 1561 945 graminis
1597 883 1645 929 in
1678 881 1780 932 offi-

497 968 640 1028 ciniS‚
679 980 782 1028 quae
815 966 864 1014 in
891 964 1092 1028 ptisanas
1125 962 1407 1022 diuretica5‚
1445 962 1779 1026 refrigerantes

494 1047 724 1108 recipitur
743 1081 761 1107 ‚
795 1047 1000 1094 maxime
1031 1060 1058 1092 a
1087 1041 1293 1090 Medicis
1331 1039 1479 1089 Gallis
1510 1043 1777 1099 laudatam,

495 1141 523 1175 e
560 1125 697 1175 classe
747 1128 960 1190 quinque
1001 1124 1215 1174 radicum
1262 1122 1576 1185 aperientium
1626 1123 1779 1171 mino-

495 1221 603 1258 rum
627 1242 644 1268 ‚
692 1206 894 1255 Linnaeo
922 1205 1094 1252 dicitur
1121 1216 1316 1266 gramen
1345 1203 1500 1250 hocce
1532 1202 1784 1254 caninum:

494 1286 736 1338 Triticum
763 1286 922 1335 radice
955 1292 1183 1346 repente,
1219 1282 1347 1331 foliis
1368 1281 1634 1346 viridibus,
1663 1297 1783 1348 quo·

492 1370 623 1419 niam
662 1367 928 1416 eminenter
955 1365 1127 1414 viridia
1151 1362 1274 1412 sunt.

831 1525 1013 1586 Claffis
1052 1526 1139 1585 ΙΙΙ.
1216 1525 1349 1584 Ord.
1387 1542 1443 1601 4.

220 1698 460 1755 Expiicatio
607 1697 836 1766 Qartum
888 1695 1153 1759 graminum
1201 1689 1401 1742 ordinem
1454 1692 1784 1758 constituunt,

223 1750 475 1859 gffiffizom'
503 1793 773 1840 eorumque
824 1791 991 1841 agmen
1038 1774 1298 1825 claudunt:
1340 1776 1555 1840 gramina
1597 1773 1790 1842 diclina,

498 1862 549 1911 id
581 1859 679 1920 est,
716 1874 772 1908 ea
793 1894 809 1920 ‚
854 1872 960 1920 quae
987 1855 1066 1905 sua
1091 1856 1288 1906 stamina
1320 1855 1366 1904 &
1396 1855 1604 1920 pistilla,
1655 1866 1789 1913 certe

503 1953 606 1990 non
629 1937 790 1986 omnia
811 1937 1146 1984 communibus
1170 1935 1492 1997 receptaculis
1510 1935 1785 1996 excipiunt,

504 2021 776 2078 fouentque
793 2052 810 2077 ,
846 2015 924 2064 sed
944 2017 1030 2064 vbi
1053 2014 1325 2063 constanter
1347 2012 1540 2062 diuerfis
1559 2013 1609 2061 in
1636 2012 1789 2077 lectis,

505 2093 788 2143 thalamisue
812 2093 989 2155 plantae
1020 2093 1104 2140 vel
1125 2093 1269 2141 vnius
1286 2127 1303 2154 .,
1340 2091 1669 2157 eiusdemque,
1688 2097 1791 2156 vel,

506 2190 616 2227 raro
647 2174 839 2236 quidem
859 2210 876 2236 ,
920 2174 1146 2224 distinctae
1180 2174 1357 2239 fingula
1383 2174 1614 2227 habitant.
1683 2178 1792 2229 No·

507 2255 708 2305 tandum
739 2254 866 2303 enim
901 2254 996 2317 est,
1034 2255 1106 2304 Cl.
1138 2254 1400 2318 Royenum
1429 2269 1532 2305 non
1560 2259 1711 2309 modo
1737 2276 1794 2313 ea

508 2331 751 2383 subieciss'e
780 2334 893 2382 huic
921 2335 1077 2383 ordini
1106 2335 1343 2397 gramina,
1377 2349 1485 2394 quae
1521 2335 1794 2399 {impliciter

508 2417 716 2466 monoecia
775 2418 910 2465 iuxta
946 2417 1198 2466 Linnaeum
1218 2451 1236 2477 ‚
1284 2415 1369 2462 vel
1422 2413 1602 2466 diclinia
1649 2422 1793 2488 sunt,

511 2494 695 2556 aliaque
716 2530 733 2557 ,
778 2496 914 2546 fimul
951 2497 1223 2560 polygamia
1244 2530 1260 2556 ‚
1306 2508 1458 2559 eaque
1489 2497 1603 2545 talia
1623 2535 1640 2561 ,
1685 2518 1793 2566 quae

509 2587 683 2642 praeter
725 2578 896 2628 florem
943 2578 1386 2641 hermaphroditum
1417 2575 1636 2630 offerunt
1672 2599 1792 2647 quo.

515 2671 608 2722 que
635 2657 927 2722 masculum,
970 2674 1178 2723 quorum
1207 2658 1428 2722 exempla
1458 2657 1568 2715 sunt
1587 2694 1604 2724 ,
1641 2661 1688 2716 δι
1714 2681 1792 2730 ge-

1649 2757 1765 2797 nera
1776 2764 1790 2798 2
