1881 3137
539 160 1013 223 PROLoovs
1416 179 1489 236 27

63 292 229 350 rol-am
265 291 416 364 stapo
452 284 683 343 vnifloro
707 321 723 349 ‚
774 302 891 342 tum
922 283 1095 341 nullus
1126 300 1361 360 vnqnam
1393 283 1493 342 du-

70 383 236 439 bitare
267 379 489 454 poterit,
531 392 693 450 quam
721 375 941 450 speciem
968 374 1340 439 intellexerim,
1382 392 1497 430 mo-

70 472 141 527 do
174 469 361 543 plantae
396 483 566 541 genus
598 466 745 539 prius
786 467 1115 540 cognouerit.
1201 462 1351 537 Ergo
1383 463 1497 520 haec

69 560 286 615 nomina
320 557 564 631 praestant
594 556 801 617 ceteris,
842 556 990 628 quia,
1027 554 1145 611 licet
1166 553 1283 627 quis
1310 569 1495 609 omnes

73 653 344 721 ignoraret
374 644 600 719 reliquas
621 678 638 706 ‚
697 647 759 702 &
792 641 951 698 solam
984 641 1118 698 hane
1145 657 1324 696 notam
1356 655 1498 696 tene·

78 751 183 798 ret,
226 749 505 808 nunquam
530 747 760 794 erraret,
793 744 882 787 aut
904 746 1063 787 vnam
1084 746 1186 804 pro
1208 727 1364 783 altera
1390 725 1501 800 spe-

75 827 151 881 cie
185 823 430 879 sumeret.
529 822 891 896 Praeterquam
915 856 931 885 ‚
969 819 1118 895 quod
1147 819 1260 876 haec
1289 819 1504 875 nomina

75 914 193 989 ipfis
222 914 409 989 plantis
439 910 678 986 inscripta
708 912 1025 968 memoriam
1063 909 1358 985 plurimum
1387 908 1503 967 sub-

74 1001 289 1067 leuent‚
352 1002 630 1077 statimque
671 1002 723 1056 in
767 999 935 1057 sensus
969 1005 1031 1060 &
1065 1015 1302 1056 mentem
1331 1001 1504 1055 incur-

78 1109 210 1150 rant.
310 1092 529 1155 Fateor,
570 1108 682 1147 non
715 1092 942 1147 cuiusuis
974 1090 1049 1146 est
1079 1089 1303 1144 Botanici
1325 1123 1342 1151 ‚
1379 1088 1504 1145 tales

76 1185 315 1239 inuenire
347 1196 534 1244 notas,
599 1180 894 1254 plantisque
938 1178 1153 1237 detesstis
1194 1179 1505 1252 imponere,

79 1275 248 1328 immo
285 1269 483 1335 fateor,
524 1272 576 1326 in
606 1270 910 1344 primordiis
940 1269 1095 1326 huius
1125 1267 1364 1326 methodi
1396 1269 1506 1326 hal-

83 1360 423 1417 iucinationes
461 1359 680 1416 subinde
720 1359 901 1417 locum
942 1360 1140 1417 habere
1178 1358 1360 1433 poffe,
1421 1359 1507 1418 sed

81 1451 192 1522 pari
236 1448 405 1503 modo
438 1464 505 1501 ex
538 1448 766 1503 minimis
801 1450 1066 1522 principiis
1097 1447 1294 1506 affiduo
1323 1447 1508 1506 labore

81 1538 310 1592 maxima
343 1536 544 1610 quaeuis
565 1570 581 1597 ‚
625 1539 689 1595 δε
723 1538 923 1611 optima
959 1551 1072 1594 orta
1103 1535 1250 1595 fuisse
1284 1543 1431 1596 omni
1456 1544 1511 1600 in

79 1644 140 1684 re
167 1627 322 1684 docet
352 1627 687 1700 experientia.

193 1716 438 1775 Pluribus
476 1733 622 1773 nunc
660 1715 870 1780 modis,
931 1719 1097 1795 iisque
1135 1716 1513 1787 diuerfiffimiS‚

84 1810 137 1863 in
173 1806 491 1883 quibusdam
523 1806 809 1881 generibus
841 1811 1057 1864 nomina
1086 1808 1315 1882 specifica
1341 1810 1515 1882 impo-

84 1900 138 1953 ni
174 1895 422 1970 possunt,
463 1897 538 1952 vti
569 1911 714 1969 patet
743 1914 773 1951 e
800 1895 923 1952 dato
958 1897 1210 1972 exemplo
1240 1899 1292 1954 in
1324 1893 1514 1972 Pyrola

89 1985 430 2044 rotundifolia
471 1987 681 2041 minore
702 2021 717 2048 ‚
775 2005 970 2045 verum
1002 1990 1153 2047 vnica
1184 2002 1390 2045 tantum
1411 2020 1427 2049 ,
1478 1982 1516 2039 fi

86 2077 342 2136 sufficiens
362 2111 378 2140 ,
434 2075 685 2132 tradenda
715 2076 790 2132 est
823 2092 948 2134 nota
971 2112 987 2141 ‚
1048 2095 1218 2153 eaque
1247 2073 1513 2134 facillima:

84 2167 327 2242 adeoque
348 2165 540 2238 Pyrola
573 2164 725 2238 scapo
746 2165 978 2222 vnifloro
1009 2168 1109 2226 dici
1139 2167 1324 2239 debet3
1361 2180 1515 2227 nam,

86 2254 123 2310 si
143 2253 390 2329 Pyrolam
415 2252 645 2309 dicerem
673 2253 912 2327 stigmate
937 2252 1340 2318 coronaeformi·‚
1362 2269 1518 2327 aeque

85 2357 233 2401 certo
261 2339 675 2413 distingueretur
706 2339 897 2414 species
919 2378 935 2404 ‚
997 2341 1084 2400 sed
1114 2359 1226 2400 non
1256 2357 1412 2416 aeque
1445 2337 1516 2397 fa·

89 2430 200 2489 cile.
287 2428 431 2485 Hinc
465 2445 535 2483 ne
572 2431 939 2505 vnusquisque
967 2449 1072 2508 pro
1100 2432 1273 2489 lubitu
1302 2431 1518 2488 nomina

88 2537 229 2576 noua
262 2516 492 2592 specifica
528 2518 793 2583 conficiat,
833 2521 925 2578 vbi
955 2523 1110 2597 plura
1142 2521 1366 2584 obtineri
1396 2536 1518 2595 pos·

88 2610 233 2671 sunt,
269 2607 321 2663 id
347 2604 548 2683 vbique
576 2609 868 2667 tenendum
891 2610 992 2675 est,
1032 2611 1211 2687 quod,
1250 2610 1285 2667 fi
1319 2625 1519 2673 nomen

745 2698 797 2756 D
835 2719 873 2760 2
1312 2700 1526 2756 bonum'
