1881 3137
448 119 1014 189 COMPOSITAE.
1277 146 1381 204 123

97 253 424 316 compositam.
493 249 645 297 Prout
673 259 832 297 autem
868 247 936 295 est
966 248 1099 295 varia
1125 250 1175 296 in
1206 250 1302 297 aliis
1337 250 1381 296 δε

102 337 199 384 aliis
250 330 588 379 corollularum
643 327 834 375 istarum
876 328 1146 389 partialium
1192 329 1384 376 confor-

97 412 273 469 matio,
310 410 375 457 ita
406 408 629 470 quidem,
666 415 723 454 vt
753 407 1041 470 quandoque
1068 409 1117 455 in
1150 423 1272 468 vna,
1312 424 1383 456 ca-

100 490 304 550 demque
346 489 529 535 corolla
576 488 838 548 composita
871 487 1061 535 diuersae
1102 487 1268 536 formae
1302 502 1380 534 co—

99 574 236 622 rollae
270 571 587 630 conueniant,
625 570 1028 630 quemadmodum
1056 568 1250 617 historia
1278 571 1382 617 vni-

99 652 290 700 uersalis
326 650 697 710 compofitarum
740 649 907 697 docuit
928 685 944 711 ,
998 650 1064 696 ita
1100 649 1201 696 haec
1237 650 1379 698 etiam

103 707 346 779 diuerl‘1tas
383 729 609 775 notabilis
647 730 911 778 condendis
941 731 991 778 in
1022 730 1157 777 classe
1188 730 1277 777 hac
1306 744 1379 776 or-

99 808 287 854 dinibus
316 803 563 852 materiam
597 804 752 865 dedit,
789 814 847 852 vt
876 805 983 853 suos
1015 807 1059 853 ei
1090 808 1269 855 natales
1303 808 1380 854 de

100 887 183 933 det
226 885 347 932 ordo
386 883 563 944 primus
597 884 864 945 praecipue,
906 884 1214 947 Vltimusque.
1295 887 1379 933 Vi-

99 968 294 1015 deamus
324 963 468 1026 igitur
497 972 610 1010 ante
637 964 800 1014 omnia
824 964 881 1011 de
904 964 1080 1029 primo:
1115 965 1381 1014 inscribitur

98 1046 341 1112 compositae
363 1044 718 1110 fimfflosculosae.
785 1044 979 1111 Flosculi
1012 1047 1188 1095 florum
1220 1049 1379 1097 dicun*

99 1137 180 1176 tur
209 1127 451 1174 Botanicis
485 1127 644 1188 petala
667 1125 900 1185 fistulosa,
947 1129 1137 1188 tenuia,
1175 1142 1382 1188 quorum

98 1207 316 1269 suprema
346 1221 453 1268 pars
484 1208 760 1269 ampliatur,
806 1207 1136 1268 multifariam,
1183 1209 1383 1271 vtpluri-

101 1303 234 1337 mum
264 1298 427 1337 tamen
448 1288 604 1336 forma
625 1288 795 1349 stellae,
831 1287 929 1336 fiss'a
950 1289 998 1335 in
1019 1288 1239 1348 lacinias,
1278 1303 1384 1336 acu-

100 1367 163 1413 tis
198 1363 424 1415 extremis
458 1370 735 1427 reuolutaS,
774 1368 1059 1416 reflexasue.
1124 1366 1280 1420 Flores
1296 1367 1387 1430 flo-

91 1445 253 1513 ssulofi
276 1445 382 1492 sunt
414 1446 587 1505 fioreS,
627 1447 878 1506 compositi
913 1461 938 1492 e
970 1448 1184 1508 plurimis
1216 1449 1383 1497 floscu—

102 1532 187 1589 lis,
215 1527 354 1575 dense
381 1529 571 1588 politis,
609 1528 882 1590 eodemque
909 1529 1044 1576 simul
1073 1533 1286 1594 exceptis
1310 1547 1382 1580 ca-

101 1613 209 1659 ]ice.
296 1609 610 1673 Semiflolbulus
649 1610 719 1659 est
757 1615 997 1675 petalum,
1041 1612 1165 1661 infra
1194 1623 1382 1664 tantum

99 1688 392 1750 fistulosum,
429 1690 478 1737 in
505 1690 692 1751 medio,
732 1690 777 1737 &
796 1690 934 1753 supra
956 1692 1178 1753 planum,
1216 1707 1269 1739 ac
1297 1708 1382 1739 ve-

100 1773 190 1821 luti
227 1771 516 1839 productum
549 1774 599 1820 in
629 1773 880 1835 lingulam,
929 1784 1011 1820 aut
1038 1775 1258 1836 ligulam,
1306 1791 1382 1825 an-

100 1850 282 1918 gustam
313 1851 579 1897 coriaceam
612 1849 847 1897 laciniam.
917 1845 1241 1911 Semiflosculofi
1269 1848 1386 1897 hinc

91 1933 230 1998 flores
255 1931 478 1992 audiunt,
525 1931 606 1993 qui
638 1947 665 1978 e
689 1930 1009 1979 semiflosculis
1049 1942 1384 1995 coagmentan-

103 2026 210 2075 tur,
244 2011 383 2060 dense
417 2013 466 2060 in
490 2013 658 2060 orbem
680 2012 870 2073 pofitiS,
907 2012 1175 2075 eodemque
1207 2017 1383 2067 coaffis

105 2096 266 2144 calice.
344 2090 474 2138 Hinc
509 2092 653 2154 igitur
681 2092 948 2154 intelligere
986 2107 1181 2155 quoque
1210 2097 1378 2150 liceat:

105 2191 209 2239 quae
236 2174 328 2222 sint
348 2168 593 2237 compofitae
608 2167 974 2233 smnzflosculffae,
1019 2187 1133 2232 quas
1167 2173 1264 2222 hoc
1295 2174 1382 2228 sub

105 2255 273 2307 ordine
305 2251 494 2301 Auaor
533 2249 696 2298 noster
741 2250 832 2298 esse
874 2251 1070 2313 voluit,
1121 2255 1198 2302 cui
1231 2255 1384 2319 visum

102 2336 226 2395 fuit,
261 2331 385 2380 hanc
414 2329 723 2378 flosculorum
744 2328 1178 2394 coadunationem,
1213 2333 1260 2379 &
1281 2347 1386 2393 eam

107 2412 520 2472 coniunfflonem,
567 2424 709 2472 quam
748 2411 945 2459 Vltimus
979 2410 1102 2457 ordo
1136 2413 1386 2476 exprimit,

107 2491 157 2538 in
185 2492 352 2539 ordine
379 2490 584 2538 naturali
617 2489 905 2551 praecipuam
932 2486 1016 2535 fibi
1047 2486 1293 2536 vindicare
1323 2497 1388 2536 at-

105 2572 405 2632 tentionem,
443 2583 552 2619 cum
580 2571 764 2632 reliqua
791 2567 1105 2640 obseruabilia
1134 2577 1391 2641 tantopere

742 2651 791 2714 Q
831 2663 857 2695 2
1271 2649 1385 2694 con'-⁴
