<?xml version="1.0" encoding="UTF-8"?>
<!DOCTYPE html PUBLIC "-//W3C//DTD XHTML 1.0 Transitional//EN"
    "http://www.w3.org/TR/xhtml1/DTD/xhtml1-transitional.dtd">
<html xmlns="http://www.w3.org/1999/xhtml" xml:lang="en" lang="en">
 <head>
  <title>
</title>
<meta http-equiv="Content-Type" content="text/html;charset=utf-8" />
  <meta name='ocr-system' content='tesseract 3.04.00' />
  <meta name='ocr-capabilities' content='ocr_page ocr_carea ocr_par ocr_line ocrx_word'/>
</head>
<body>
  <div class='ocr_page' id='page_1' title='image "./philfridgmelinot00gmel_0107.png"; bbox 0 0 1881 3137; ppageno 0'>
   <div class='ocr_carea' id='block_1_1' title="bbox 438 136 1376 218">
    <p class='ocr_par' dir='ltr' id='par_1_1' title="bbox 438 136 1376 218">
     <span class='ocr_line' id='line_1_1' title="bbox 438 136 1376 218; baseline -0.002 -22"><span class='ocrx_word' id='word_1_1' title='bbox 438 136 1048 198; x_wconf 83' lang='lat' dir='ltr'><strong>AMENTACEAE.</strong></span> <span class='ocrx_word' id='word_1_2' title='bbox 1304 158 1376 218; x_wconf 76' lang='lat'>91</span> 
     </span>
    </p>
   </div>
   <div class='ocr_carea' id='block_1_2' title="bbox 101 259 1386 1275">
    <p class='ocr_par' dir='ltr' id='par_1_2' title="bbox 101 259 1386 1275">
     <span class='ocr_line' id='line_1_2' title="bbox 106 259 1377 325; baseline 0.004 -15"><span class='ocrx_word' id='word_1_3' title='bbox 106 264 338 325; x_wconf 82' lang='lat' dir='ltr'>integram</span> <span class='ocrx_word' id='word_1_4' title='bbox 370 272 459 320; x_wconf 87' lang='lat' dir='ltr'>pro</span> <span class='ocrx_word' id='word_1_5' title='bbox 490 261 694 306; x_wconf 81' lang='lat' dir='ltr'>naturali</span> <span class='ocrx_word' id='word_1_6' title='bbox 724 259 826 307; x_wconf 82' lang='lat' dir='ltr'>satis</span> <span class='ocrx_word' id='word_1_7' title='bbox 855 261 1090 324; x_wconf 33' lang='lat' dir='ltr'>agnoscet‘</span> <span class='ocrx_word' id='word_1_8' title='bbox 1195 264 1377 315; x_wconf 86' lang='lat' dir='ltr'><strong>Omnes</strong></span> 
     </span>
     <span class='ocr_line' id='line_1_3' title="bbox 105 338 1380 409; baseline 0.005 -20"><span class='ocrx_word' id='word_1_9' title='bbox 105 342 209 389; x_wconf 87' lang='lat' dir='ltr'>fere</span> <span class='ocrx_word' id='word_1_10' title='bbox 244 338 384 388; x_wconf 85' lang='lat' dir='ltr'>claffis</span> <span class='ocrx_word' id='word_1_11' title='bbox 422 338 561 385; x_wconf 85' lang='lat' dir='ltr'>huius</span> <span class='ocrx_word' id='word_1_12' title='bbox 600 340 773 400; x_wconf 80' lang='lat' dir='ltr'>plantae</span> <span class='ocrx_word' id='word_1_13' title='bbox 805 341 959 402; x_wconf 85' lang='lat' dir='ltr'>primo</span> <span class='ocrx_word' id='word_1_14' title='bbox 997 342 1130 390; x_wconf 82' lang='lat' dir='ltr'><strong>Vere</strong></span> <span class='ocrx_word' id='word_1_15' title='bbox 1174 343 1380 409; x_wconf 85' lang='lat' dir='ltr'>florent,</span> 
     </span>
     <span class='ocr_line' id='line_1_4' title="bbox 107 419 1382 481; baseline 0.004 -14"><span class='ocrx_word' id='word_1_16' title='bbox 107 423 216 481; x_wconf 82' lang='lat' dir='ltr'>quia</span> <span class='ocrx_word' id='word_1_17' title='bbox 248 433 399 466; x_wconf 85' lang='lat' dir='ltr'>mares</span> <span class='ocrx_word' id='word_1_18' title='bbox 435 428 643 465; x_wconf 81' lang='lat' dir='ltr'>remotas</span> <span class='ocrx_word' id='word_1_19' title='bbox 683 434 709 465; x_wconf 84' lang='lat' dir='ltr'>a</span> <span class='ocrx_word' id='word_1_20' title='bbox 747 419 792 465; x_wconf 89' lang='lat' dir='ltr'>se</span> <span class='ocrx_word' id='word_1_21' title='bbox 837 420 1035 469; x_wconf 83' lang='lat' dir='ltr'>feminas</span> <span class='ocrx_word' id='word_1_22' title='bbox 1075 423 1382 473; x_wconf 75' lang='lat' dir='ltr'>excrescenti-</span> 
     </span>
     <span class='ocr_line' id='line_1_5' title="bbox 110 499 1382 564; baseline 0.004 -17"><span class='ocrx_word' id='word_1_23' title='bbox 110 501 198 547; x_wconf 88' lang='lat' dir='ltr'>bus</span> <span class='ocrx_word' id='word_1_24' title='bbox 238 499 365 550; x_wconf 65' lang='lat' dir='ltr'>foliis</span> <span class='ocrx_word' id='word_1_25' title='bbox 393 499 668 564; x_wconf 12' lang='lat' dir='ltr'>-foecundare</span> <span class='ocrx_word' id='word_1_26' title='bbox 698 500 782 547; x_wconf 79' lang='lat' dir='ltr'>vix</span> <span class='ocrx_word' id='word_1_27' title='bbox 813 500 1000 561; x_wconf 78' lang='lat' dir='ltr'><strong>possent</strong></span> <span class='ocrx_word' id='word_1_28' title='bbox 1020 538 1036 562; x_wconf 73' lang='lat'>,</span> <span class='ocrx_word' id='word_1_29' title='bbox 1078 501 1240 551; x_wconf 79' lang='lat' dir='ltr'>saltem</span> <span class='ocrx_word' id='word_1_30' title='bbox 1267 506 1382 552; x_wconf 91' lang='lat' dir='ltr'>libe-</span> 
     </span>
     <span class='ocr_line' id='line_1_6' title="bbox 101 578 1384 641; baseline 0.005 -14"><span class='ocrx_word' id='word_1_31' title='bbox 101 581 200 627; x_wconf 80' lang='lat' dir='ltr'>rior</span> <span class='ocrx_word' id='word_1_32' title='bbox 222 581 413 641; x_wconf 75' lang='lat' dir='ltr'>pollinis</span> <span class='ocrx_word' id='word_1_33' title='bbox 449 578 689 626; x_wconf 79' lang='lat' dir='ltr'>masculini</span> <span class='ocrx_word' id='word_1_34' title='bbox 728 579 784 626; x_wconf 80' lang='lat' dir='ltr'>ad</span> <span class='ocrx_word' id='word_1_35' title='bbox 817 580 1016 628; x_wconf 81' lang='lat' dir='ltr'>feminas</span> <span class='ocrx_word' id='word_1_36' title='bbox 1055 585 1260 633; x_wconf 77' lang='lat' dir='ltr'>access&#39;us</span> <span class='ocrx_word' id='word_1_37' title='bbox 1302 587 1384 634; x_wconf 85' lang='lat' dir='ltr'>im-</span> 
     </span>
     <span class='ocr_line' id='line_1_7' title="bbox 103 658 1385 724; baseline 0.003 -18"><span class='ocrx_word' id='word_1_38' title='bbox 103 660 374 720; x_wconf 79' lang='lat' dir='ltr'>pediretur,</span> <span class='ocrx_word' id='word_1_39' title='bbox 412 659 541 705; x_wconf 83' lang='lat' dir='ltr'>vnde</span> <span class='ocrx_word' id='word_1_40' title='bbox 577 659 842 720; x_wconf 82' lang='lat' dir='ltr'>intelligere</span> <span class='ocrx_word' id='word_1_41' title='bbox 877 658 1028 719; x_wconf 77' lang='lat' dir='ltr'>licet,</span> <span class='ocrx_word' id='word_1_42' title='bbox 1064 662 1144 720; x_wconf 88' lang='lat' dir='ltr'>qui</span> <span class='ocrx_word' id='word_1_43' title='bbox 1173 662 1290 724; x_wconf 77' lang='lat' dir='ltr'>fiat,</span> <span class='ocrx_word' id='word_1_44' title='bbox 1327 672 1385 710; x_wconf 84' lang='lat' dir='ltr'>vt</span> 
     </span>
     <span class='ocr_line' id='line_1_8' title="bbox 106 733 1381 795; baseline 0.005 -14"><span class='ocrx_word' id='word_1_45' title='bbox 106 736 247 784; x_wconf 84' lang='lat' dir='ltr'>classis</span> <span class='ocrx_word' id='word_1_46' title='bbox 281 737 382 782; x_wconf 84' lang='lat' dir='ltr'>haec</span> <span class='ocrx_word' id='word_1_47' title='bbox 416 734 496 781; x_wconf 88' lang='lat' dir='ltr'>sub</span> <span class='ocrx_word' id='word_1_48' title='bbox 528 733 572 780; x_wconf 89' lang='lat' dir='ltr'>se</span> <span class='ocrx_word' id='word_1_49' title='bbox 612 735 987 795; x_wconf 81' lang='lat' dir='ltr'>comprehendat</span> <span class='ocrx_word' id='word_1_50' title='bbox 1029 739 1223 787; x_wconf 82' lang='lat' dir='ltr'>arbores</span> <span class='ocrx_word' id='word_1_51' title='bbox 1261 740 1381 786; x_wconf 85' lang='lat' dir='ltr'>flore</span> 
     </span>
     <span class='ocr_line' id='line_1_9' title="bbox 105 814 1383 881; baseline 0.005 -20"><span class='ocrx_word' id='word_1_52' title='bbox 105 829 132 862; x_wconf 85' lang='lat' dir='ltr'>a</span> <span class='ocrx_word' id='word_1_53' title='bbox 167 814 322 861; x_wconf 67' lang='lat' dir='ltr'>frusto</span> <span class='ocrx_word' id='word_1_54' title='bbox 367 823 558 861; x_wconf 82' lang='lat' dir='ltr'>remoto</span> <span class='ocrx_word' id='word_1_55' title='bbox 584 848 600 873; x_wconf 74' lang='lat'>,</span> <span class='ocrx_word' id='word_1_56' title='bbox 640 827 755 874; x_wconf 80' lang='lat' dir='ltr'>quas</span> <span class='ocrx_word' id='word_1_57' title='bbox 793 816 1005 862; x_wconf 81' lang='lat' dir='ltr'>vocabat</span> <span class='ocrx_word' id='word_1_58' title='bbox 1040 817 1089 864; x_wconf 92' lang='lat' dir='ltr'>in</span> <span class='ocrx_word' id='word_1_59' title='bbox 1125 817 1209 865; x_wconf 85' lang='lat' dir='ltr'>suo</span> <span class='ocrx_word' id='word_1_60' title='bbox 1242 818 1383 881; x_wconf 88' lang='lat' dir='ltr'>syste-</span> 
     </span>
     <span class='ocr_line' id='line_1_10' title="bbox 104 894 1384 961; baseline 0.003 -18"><span class='ocrx_word' id='word_1_61' title='bbox 104 905 231 943; x_wconf 82' lang='lat' dir='ltr'>mate</span> <span class='ocrx_word' id='word_1_62' title='bbox 262 895 407 941; x_wconf 81' lang='lat' dir='ltr'>Raius</span> <span class='ocrx_word' id='word_1_63' title='bbox 429 930 443 954; x_wconf 78' lang='lat'>,</span> <span class='ocrx_word' id='word_1_64' title='bbox 480 894 561 940; x_wconf 87' lang='lat' dir='ltr'>vel</span> <span class='ocrx_word' id='word_1_65' title='bbox 592 895 786 941; x_wconf 79' lang='lat' dir='ltr'>arbores</span> <span class='ocrx_word' id='word_1_66' title='bbox 819 894 865 941; x_wconf 89' lang='lat'>&amp;</span> <span class='ocrx_word' id='word_1_67' title='bbox 893 894 1092 943; x_wconf 83' lang='lat' dir='ltr'>frutices</span> <span class='ocrx_word' id='word_1_68' title='bbox 1128 897 1249 945; x_wconf 81' lang='lat' dir='ltr'>flore</span> <span class='ocrx_word' id='word_1_69' title='bbox 1277 914 1384 961; x_wconf 80' lang='lat' dir='ltr'>ape-</span> 
     </span>
     <span class='ocr_line' id='line_1_11' title="bbox 102 972 1381 1039; baseline 0.003 -18"><span class='ocrx_word' id='word_1_70' title='bbox 102 976 201 1023; x_wconf 82' lang='lat' dir='ltr'>talo</span> <span class='ocrx_word' id='word_1_71' title='bbox 236 976 284 1021; x_wconf 85' lang='lat' dir='ltr'>in</span> <span class='ocrx_word' id='word_1_72' title='bbox 317 988 446 1021; x_wconf 82' lang='lat' dir='ltr'>mare</span> <span class='ocrx_word' id='word_1_73' title='bbox 469 1011 484 1033; x_wconf 82' lang='lat'>‚</span> <span class='ocrx_word' id='word_1_74' title='bbox 522 972 681 1020; x_wconf 62' lang='lat' dir='ltr'>frufitu</span> <span class='ocrx_word' id='word_1_75' title='bbox 712 974 760 1020; x_wconf 90' lang='lat' dir='ltr'>in</span> <span class='ocrx_word' id='word_1_76' title='bbox 799 973 978 1022; x_wconf 80' lang='lat' dir='ltr'>femina</span> <span class='ocrx_word' id='word_1_77' title='bbox 1011 990 1111 1022; x_wconf 88' lang='lat' dir='ltr'>non</span> <span class='ocrx_word' id='word_1_78' title='bbox 1141 976 1381 1039; x_wconf 80' lang='lat' dir='ltr'>florifera,</span> 
     </span>
     <span class='ocr_line' id='line_1_12' title="bbox 103 1053 1386 1117; baseline -0.001 -12"><span class='ocrx_word' id='word_1_79' title='bbox 103 1065 163 1104; x_wconf 83' lang='lat' dir='ltr'>vt</span> <span class='ocrx_word' id='word_1_80' title='bbox 184 1073 285 1105; x_wconf 85' lang='lat' dir='ltr'>rem</span> <span class='ocrx_word' id='word_1_81' title='bbox 312 1055 531 1117; x_wconf 78' lang='lat' dir='ltr'>expressit</span> <span class='ocrx_word' id='word_1_82' title='bbox 549 1055 824 1102; x_wconf 80' lang='lat' dir='ltr'>Boerhauius</span> <span class='ocrx_word' id='word_1_83' title='bbox 840 1090 856 1113; x_wconf 76' lang='lat'>,</span> <span class='ocrx_word' id='word_1_84' title='bbox 891 1064 1098 1115; x_wconf 82' lang='lat' dir='ltr'>vterque</span> <span class='ocrx_word' id='word_1_85' title='bbox 1121 1053 1298 1102; x_wconf 88' lang='lat' dir='ltr'>scilicet</span> <span class='ocrx_word' id='word_1_86' title='bbox 1320 1059 1386 1104; x_wconf 89' lang='lat' dir='ltr'>in-</span> 
     </span>
     <span class='ocr_line' id='line_1_13' title="bbox 104 1133 1383 1199; baseline -0.003 -15"><span class='ocrx_word' id='word_1_87' title='bbox 104 1136 300 1199; x_wconf 76' lang='lat' dir='ltr'>signium</span> <span class='ocrx_word' id='word_1_88' title='bbox 320 1134 495 1182; x_wconf 86' lang='lat' dir='ltr'>horum</span> <span class='ocrx_word' id='word_1_89' title='bbox 516 1133 863 1181; x_wconf 80' lang='lat' dir='ltr'>Botanicorum</span> <span class='ocrx_word' id='word_1_90' title='bbox 885 1133 1117 1194; x_wconf 79' lang='lat' dir='ltr'>ponebat,</span> <span class='ocrx_word' id='word_1_91' title='bbox 1153 1148 1245 1182; x_wconf 91' lang='lat' dir='ltr'>nec</span> <span class='ocrx_word' id='word_1_92' title='bbox 1264 1134 1383 1182; x_wconf 84' lang='lat' dir='ltr'>adeo</span> 
     </span>
     <span class='ocr_line' id='line_1_14' title="bbox 103 1208 1072 1275; baseline -0.006 -12"><span class='ocrx_word' id='word_1_93' title='bbox 103 1215 253 1275; x_wconf 84' lang='lat' dir='ltr'>male,</span> <span class='ocrx_word' id='word_1_94' title='bbox 289 1213 419 1259; x_wconf 82' lang='lat' dir='ltr'>floris</span> <span class='ocrx_word' id='word_1_95' title='bbox 447 1211 687 1259; x_wconf 78' lang='lat' dir='ltr'>essentiam</span> <span class='ocrx_word' id='word_1_96' title='bbox 710 1210 758 1256; x_wconf 91' lang='lat' dir='ltr'>in</span> <span class='ocrx_word' id='word_1_97' title='bbox 781 1208 1072 1257; x_wconf 80' lang='lat' dir='ltr'>staminibus,</span> 
     </span>
    </p>
   </div>
   <div class='ocr_carea' id='block_1_3' title="bbox 105 1322 1385 1623">
    <p class='ocr_par' dir='ltr' id='par_1_3' title="bbox 105 1322 1385 1623">
     <span class='ocr_line' id='line_1_15' title="bbox 208 1322 1385 1377; baseline 0 -1"><span class='ocrx_word' id='word_1_98' title='bbox 208 1322 400 1376; x_wconf 86' lang='lat' dir='ltr'><em>Ordines</em></span> <span class='ocrx_word' id='word_1_99' title='bbox 435 1323 578 1371; x_wconf 82' lang='lat' dir='ltr'>claffis</span> <span class='ocrx_word' id='word_1_100' title='bbox 613 1323 717 1370; x_wconf 87' lang='lat' dir='ltr'>haec</span> <span class='ocrx_word' id='word_1_101' title='bbox 757 1324 943 1371; x_wconf 78' lang='lat' dir='ltr'>nonnisi</span> <span class='ocrx_word' id='word_1_102' title='bbox 976 1322 1081 1374; x_wconf 86' lang='lat' dir='ltr'>duos</span> <span class='ocrx_word' id='word_1_103' title='bbox 1112 1326 1193 1374; x_wconf 87' lang='lat' dir='ltr'>sub</span> <span class='ocrx_word' id='word_1_104' title='bbox 1228 1326 1273 1374; x_wconf 90' lang='lat' dir='ltr'>se</span> <span class='ocrx_word' id='word_1_105' title='bbox 1306 1329 1385 1377; x_wconf 81' lang='lat' dir='ltr'>ha·</span> 
     </span>
     <span class='ocr_line' id='line_1_16' title="bbox 107 1401 1385 1464; baseline 0 -11"><span class='ocrx_word' id='word_1_106' title='bbox 107 1406 218 1464; x_wconf 76' lang='lat' dir='ltr'>bet,</span> <span class='ocrx_word' id='word_1_107' title='bbox 255 1417 462 1464; x_wconf 87' lang='lat' dir='ltr'>quorum</span> <span class='ocrx_word' id='word_1_108' title='bbox 485 1401 775 1449; x_wconf 80' lang='lat' dir='ltr'>essentialem</span> <span class='ocrx_word' id='word_1_109' title='bbox 798 1401 1115 1451; x_wconf 57' lang='lat' dir='ltr'>charfflerem</span> <span class='ocrx_word' id='word_1_110' title='bbox 1132 1439 1148 1463; x_wconf 62' lang='lat'>9</span> <span class='ocrx_word' id='word_1_111' title='bbox 1188 1403 1233 1450; x_wconf 86' lang='lat'>&amp;</span> <span class='ocrx_word' id='word_1_112' title='bbox 1254 1405 1385 1454; x_wconf 80' lang='lat' dir='ltr'>djffe-</span> 
     </span>
     <span class='ocr_line' id='line_1_17' title="bbox 105 1480 1385 1544; baseline -0.002 -10"><span class='ocrx_word' id='word_1_113' title='bbox 105 1487 310 1538; x_wconf 78' lang='lat' dir='ltr'>rentiam</span> <span class='ocrx_word' id='word_1_114' title='bbox 340 1481 545 1529; x_wconf 85' lang='lat' dir='ltr'>fundant</span> <span class='ocrx_word' id='word_1_115' title='bbox 564 1480 828 1542; x_wconf 78' lang='lat' dir='ltr'>filamenta,</span> <span class='ocrx_word' id='word_1_116' title='bbox 872 1481 1020 1527; x_wconf 89' lang='lat' dir='ltr'>modo</span> <span class='ocrx_word' id='word_1_117' title='bbox 1051 1480 1253 1544; x_wconf 60' lang='lat' dir='ltr'>distinffa</span> <span class='ocrx_word' id='word_1_118' title='bbox 1275 1518 1290 1543; x_wconf 87' lang='lat'>,</span> <span class='ocrx_word' id='word_1_119' title='bbox 1340 1485 1385 1532; x_wconf 88' lang='lat'>&amp;</span> 
     </span>
     <span class='ocr_line' id='line_1_18' title="bbox 111 1559 1144 1623; baseline -0.005 -7"><span class='ocrx_word' id='word_1_120' title='bbox 111 1581 139 1616; x_wconf 85' lang='lat' dir='ltr'>a</span> <span class='ocrx_word' id='word_1_121' title='bbox 170 1565 215 1614; x_wconf 90' lang='lat' dir='ltr'>se</span> <span class='ocrx_word' id='word_1_122' title='bbox 244 1563 453 1613; x_wconf 89' lang='lat' dir='ltr'>inuicem</span> <span class='ocrx_word' id='word_1_123' title='bbox 482 1559 718 1623; x_wconf 77' lang='lat' dir='ltr'>separata,</span> <span class='ocrx_word' id='word_1_124' title='bbox 755 1560 903 1609; x_wconf 82' lang='lat' dir='ltr'>modo</span> <span class='ocrx_word' id='word_1_125' title='bbox 936 1571 1144 1612; x_wconf 80' lang='lat' dir='ltr'>connata.</span> 
     </span>
    </p>
   </div>
   <div class='ocr_carea' id='block_1_4' title="bbox 438 1745 1050 1806">
    <p class='ocr_par' dir='ltr' id='par_1_4' title="bbox 438 1745 1050 1806">
     <span class='ocr_line' id='line_1_19' title="bbox 438 1745 1050 1806; baseline -0.005 0"><span class='ocrx_word' id='word_1_126' title='bbox 438 1745 616 1806; x_wconf 84' lang='lat' dir='ltr'>Claffis</span> <span class='ocrx_word' id='word_1_127' title='bbox 656 1746 748 1805; x_wconf 89' lang='lat' dir='ltr'>IV.</span> <span class='ocrx_word' id='word_1_128' title='bbox 825 1745 956 1805; x_wconf 87' lang='lat' dir='ltr'>Ord.</span> <span class='ocrx_word' id='word_1_129' title='bbox 1005 1762 1050 1804; x_wconf 89' lang='lat'>1.</span> 
     </span>
    </p>
   </div>
   <div class='ocr_carea' id='block_1_5' title="bbox 129 1885 1365 2035">
    <p class='ocr_par' dir='ltr' id='par_1_5' title="bbox 129 1885 1365 2035">
     <span class='ocr_line' id='line_1_20' title="bbox 129 1885 1365 1954; baseline -0.003 -6"><span class='ocrx_word' id='word_1_130' title='bbox 129 1887 717 1954; x_wconf 76' lang='lat' dir='ltr'>AMENTACEAE</span> <span class='ocrx_word' id='word_1_131' title='bbox 793 1885 1365 1944; x_wconf 87' lang='lat' dir='ltr'><strong>FILAMENTIS</strong></span> 
     </span>
     <span class='ocr_line' id='line_1_21' title="bbox 463 1977 1179 2035; baseline 0 -1"><span class='ocrx_word' id='word_1_132' title='bbox 463 1977 1016 2035; x_wconf 91' lang='lat' dir='ltr'><strong>DISTINCTIS.</strong></span> <span class='ocrx_word' id='word_1_133' title='bbox 1151 1985 1179 1996; x_wconf 63' lang='lat'>⁰</span> 
     </span>
    </p>
   </div>
   <div class='ocr_carea' id='block_1_6' title="bbox 209 2114 1650 2188">
    <p class='ocr_par' dir='ltr' id='par_1_6' title="bbox 209 2114 1650 2188">
     <span class='ocr_line' id='line_1_22' title="bbox 209 2114 1650 2188; baseline 0.002 -25"><span class='ocrx_word' id='word_1_134' title='bbox 209 2114 333 2164; x_wconf 90' lang='lat' dir='ltr'>Cum</span> <span class='ocrx_word' id='word_1_135' title='bbox 375 2116 649 2164; x_wconf 85' lang='lat' dir='ltr'>obseruaret</span> <span class='ocrx_word' id='word_1_136' title='bbox 694 2117 874 2165; x_wconf 85' lang='lat' dir='ltr'>Clariss.</span> <span class='ocrx_word' id='word_1_137' title='bbox 917 2115 1105 2166; x_wconf 55' lang='lat' dir='ltr'>Aufiffior</span> <span class='ocrx_word' id='word_1_138' title='bbox 1129 2153 1145 2178; x_wconf 84' lang='lat'><strong>‚</strong></span> <span class='ocrx_word' id='word_1_139' title='bbox 1201 2116 1386 2164; x_wconf 91' lang='lat' dir='ltr'>notabi-</span> <span class='ocrx_word' id='word_1_140' title='bbox 1413 2131 1650 2188; x_wconf 82' lang='lat' dir='ltr'>Explicatio</span> 
     </span>
    </p>
   </div>
   <div class='ocr_carea' id='block_1_7' title="bbox 108 2185 1663 2282">
    <p class='ocr_par' dir='ltr' id='par_1_7' title="bbox 108 2185 1663 2282">
     <span class='ocr_line' id='line_1_23' title="bbox 108 2185 1663 2282; baseline -0.012 -36"><span class='ocrx_word' id='word_1_141' title='bbox 108 2200 203 2246; x_wconf 87' lang='lat' dir='ltr'>lem</span> <span class='ocrx_word' id='word_1_142' title='bbox 243 2204 538 2243; x_wconf 80' lang='lat' dir='ltr'>amentaceas</span> <span class='ocrx_word' id='word_1_143' title='bbox 563 2230 578 2255; x_wconf 78' lang='lat'>‚</span> <span class='ocrx_word' id='word_1_144' title='bbox 636 2193 681 2240; x_wconf 84' lang='lat'>&amp;</span> <span class='ocrx_word' id='word_1_145' title='bbox 718 2197 1003 2257; x_wconf 69' lang='lat' dir='ltr'>praecipuam</span> <span class='ocrx_word' id='word_1_146' title='bbox 1042 2195 1165 2243; x_wconf 85' lang='lat' dir='ltr'>hanc</span> <span class='ocrx_word' id='word_1_147' title='bbox 1210 2194 1387 2243; x_wconf 84' lang='lat' dir='ltr'>offerre</span> <span class='ocrx_word' id='word_1_148' title='bbox 1416 2186 1558 2282; x_wconf 61' lang='lat' dir='ltr'>glradffis1</span> <span class='ocrx_word' id='word_1_149' title='bbox 1582 2185 1663 2229; x_wconf 87' lang='lat' dir='ltr'>IV.</span> 
     </span>
    </p>
   </div>
   <div class='ocr_carea' id='block_1_8' title="bbox 108 2272 1619 2652">
    <p class='ocr_par' dir='ltr' id='par_1_8' title="bbox 108 2272 1619 2652">
     <span class='ocr_line' id='line_1_24' title="bbox 108 2272 1616 2337; baseline -0.003 -10"><span class='ocrx_word' id='word_1_150' title='bbox 108 2276 465 2335; x_wconf 79' lang='lat' dir='ltr'>differentiam,</span> <span class='ocrx_word' id='word_1_151' title='bbox 519 2275 649 2335; x_wconf 88' lang='lat' dir='ltr'>quod</span> <span class='ocrx_word' id='word_1_152' title='bbox 687 2276 796 2324; x_wconf 85' lang='lat' dir='ltr'>alibi</span> <span class='ocrx_word' id='word_1_153' title='bbox 835 2275 1046 2323; x_wconf 53' lang='lat' dir='ltr'>distinete.</span> <span class='ocrx_word' id='word_1_154' title='bbox 1089 2275 1134 2321; x_wconf 90' lang='lat'>&amp;</span> <span class='ocrx_word' id='word_1_155' title='bbox 1177 2272 1385 2337; x_wconf 85' lang='lat' dir='ltr'>separata</span> <span class='ocrx_word' id='word_1_156' title='bbox 1414 2294 1616 2335; x_wconf 76' lang='lat' dir='ltr'>Amenta-</span> 
     </span>
     <span class='ocr_line' id='line_1_25' title="bbox 110 2345 1595 2416; baseline -0.005 -9"><span class='ocrx_word' id='word_1_157' title='bbox 110 2356 261 2407; x_wconf 76' lang='lat' dir='ltr'>essent</span> <span class='ocrx_word' id='word_1_158' title='bbox 293 2356 534 2405; x_wconf 85' lang='lat' dir='ltr'>filamenta</span> <span class='ocrx_word' id='word_1_159' title='bbox 567 2355 754 2416; x_wconf 80' lang='lat' dir='ltr'>omnia,</span> <span class='ocrx_word' id='word_1_160' title='bbox 792 2355 837 2401; x_wconf 88' lang='lat'>&amp;</span> <span class='ocrx_word' id='word_1_161' title='bbox 870 2354 979 2402; x_wconf 87' lang='lat' dir='ltr'>alibi</span> <span class='ocrx_word' id='word_1_162' title='bbox 1006 2368 1125 2402; x_wconf 87' lang='lat' dir='ltr'>vere</span> <span class='ocrx_word' id='word_1_163' title='bbox 1151 2361 1384 2414; x_wconf 81' lang='lat' dir='ltr'>connata,</span> <span class='ocrx_word' id='word_1_164' title='bbox 1414 2359 1491 2387; x_wconf 66' lang='lat' dir='ltr'>0²ae</span> <span class='ocrx_word' id='word_1_165' title='bbox 1510 2345 1595 2407; x_wconf 60' lang='lat' dir='ltr'>fija-</span> 
     </span>
     <span class='ocr_line' id='line_1_26' title="bbox 108 2407 1619 2496; baseline -0.006 -11"><span class='ocrx_word' id='word_1_166' title='bbox 108 2450 211 2485; x_wconf 89' lang='lat' dir='ltr'>non</span> <span class='ocrx_word' id='word_1_167' title='bbox 241 2433 480 2482; x_wconf 86' lang='lat' dir='ltr'>immerito</span> <span class='ocrx_word' id='word_1_168' title='bbox 513 2432 706 2496; x_wconf 85' lang='lat' dir='ltr'>dignum</span> <span class='ocrx_word' id='word_1_169' title='bbox 731 2433 960 2480; x_wconf 83' lang='lat' dir='ltr'>iudicauit</span> <span class='ocrx_word' id='word_1_170' title='bbox 991 2432 1233 2483; x_wconf 87' lang='lat' dir='ltr'>criterium</span> <span class='ocrx_word' id='word_1_171' title='bbox 1263 2431 1384 2492; x_wconf 81' lang='lat' dir='ltr'>hoc,</span> <span class='ocrx_word' id='word_1_172' title='bbox 1414 2407 1619 2494; x_wconf 52' lang='lat' dir='ltr'>{ffi&#39;i&#39;ffiis</span> 
     </span>
     <span class='ocr_line' id='line_1_27' title="bbox 115 2509 1385 2575; baseline -0.003 -15"><span class='ocrx_word' id='word_1_173' title='bbox 115 2513 246 2575; x_wconf 89' lang='lat' dir='ltr'>quod</span> <span class='ocrx_word' id='word_1_174' title='bbox 273 2511 637 2560; x_wconf 84' lang='lat' dir='ltr'>fundamentum</span> <span class='ocrx_word' id='word_1_175' title='bbox 666 2520 898 2573; x_wconf 77' lang='lat' dir='ltr'>poneret,</span> <span class='ocrx_word' id='word_1_176' title='bbox 937 2521 1100 2573; x_wconf 85' lang='lat' dir='ltr'>aptum</span> <span class='ocrx_word' id='word_1_177' title='bbox 1125 2509 1385 2558; x_wconf 85' lang='lat' dir='ltr'>condendis</span> 
     </span>
     <span class='ocr_line' id='line_1_28' title="bbox 111 2588 1389 2652; baseline -0.002 -14"><span class='ocrx_word' id='word_1_178' title='bbox 111 2591 223 2638; x_wconf 90' lang='lat' dir='ltr'>inde</span> <span class='ocrx_word' id='word_1_179' title='bbox 257 2589 503 2640; x_wconf 84' lang='lat' dir='ltr'>ordinibus</span> <span class='ocrx_word' id='word_1_180' title='bbox 526 2625 542 2652; x_wconf 87' lang='lat'>,</span> <span class='ocrx_word' id='word_1_181' title='bbox 593 2590 640 2640; x_wconf 88' lang='lat'>&amp;</span> <span class='ocrx_word' id='word_1_182' title='bbox 675 2589 790 2638; x_wconf 86' lang='lat' dir='ltr'>scite</span> <span class='ocrx_word' id='word_1_183' title='bbox 829 2589 1021 2652; x_wconf 87' lang='lat' dir='ltr'>quidem</span> <span class='ocrx_word' id='word_1_184' title='bbox 1059 2590 1127 2639; x_wconf 85' lang='lat' dir='ltr'>ita</span> <span class='ocrx_word' id='word_1_185' title='bbox 1165 2588 1307 2638; x_wconf 78' lang='lat' dir='ltr'>claffis</span> <span class='ocrx_word' id='word_1_186' title='bbox 1340 2590 1389 2635; x_wconf 90' lang='lat' dir='ltr'>in</span> 
     </span>
    </p>
   </div>
   <div class='ocr_carea' id='block_1_9' title="bbox 697 2665 1387 2720">
    <p class='ocr_par' dir='ltr' id='par_1_9' title="bbox 697 2665 1387 2720">
     <span class='ocr_line' id='line_1_29' title="bbox 697 2665 1387 2720; baseline -0.016 0"><span class='ocrx_word' id='word_1_187' title='bbox 697 2670 762 2719; x_wconf 93' lang='lat' dir='ltr'>M</span> <span class='ocrx_word' id='word_1_188' title='bbox 798 2686 824 2720; x_wconf 85' lang='lat'>2</span> <span class='ocrx_word' id='word_1_189' title='bbox 1265 2665 1387 2713; x_wconf 82' lang='lat' dir='ltr'>duos</span> 
     </span>
    </p>
   </div>
  </div>
 </body>
</html>
