1881 3137
457 120 1015 199 COMPOSITAE.
1271 140 1369 184 121

98 250 296 309 lineari,
343 247 517 308 planO,
570 243 835 292 extrorsum
871 240 1040 301 νει-ΓΟ,
1091 244 1222 305 apice
1262 245 1380 292 inte-

99 342 217 391 gro,
254 325 540 384 tridentato,
588 324 670 370 vel
707 321 1145 384 quinquedentato,
1194 331 1379 370 trunca-

99 414 152 454 to
185 404 334 467 quasi,
371 404 452 450 vel
481 403 685 463 denique
715 401 879 451 corolla
912 401 979 449 est
1013 401 1202 462 prorsus
1228 404 1378 464 nulla,

96 486 254 545 limbo,
290 481 470 544 whom,
508 485 590 530 vel
615 491 829 544 Vtroque
858 481 1094 530 destituta.
1171 483 1379 533 Stamina

98 567 147 614 in
179 568 402 616 omnibus
434 567 643 626 quinque
670 565 805 624 sunt,
857 577 1122 624 eorumque
1146 561 1378 623 filamenta

101 648 365 710 capillaria,
401 644 692 707 breui'ffima,
739 644 985 692 corollulae
1012 644 1181 692 inserta
1220 643 1378 706 cono,

101 725 298 776 amberae
326 727 556 786 lineareS,
601 724 797 784 ereekae,
843 723 1069 772 lateribus
1110 727 1294 776 coalitae
1327 730 1378 777 in

99 806 371 867 cylindrum
401 807 704 864 tubulatum‚
743 805 1230 867 quinquedentatum‚
1275 808 1378 858 lon-

97 886 309 950 gitudine
342 886 500 946 limbi,
537 885 700 933 transit
725 900 810 946 per
833 885 1035 934 mediam
1064 886 1188 934 hanc
1216 888 1379 937 anthe-

98 981 199 1017 ram
229 974 441 1016 extrema
478 965 585 1031 styli
619 980 756 1026 pam,
811 965 1073 1015 breuissima
1116 969 1243 1019 vltra
1274 984 1378 1020 eam

101 1045 280 1101 eminet
313 1058 423 1092 cum
464 1042 678 1104 stigmate
716 1044 974 1106 bipartito,
1012 1044 1215 1108 integro,
1295 1050 1382 1099 Pi.

91 1124 259 1191 stillum
281 1125 329 1173 in
352 1125 574 1173 omnibus
606 1125 903 1174 obseruabile
925 1126 1178 1187 generibus
1203 1129 1380 1183 format

96 1218 277 1272 germen
310 1205 601 1266 oblongum,
654 1203 837 1252 flosculi
878 1207 1184 1266 receptaculo
1230 1209 1380 1260 subie-

105 1283 260 1345 Ctum,
296 1284 464 1332 insidet
489 1286 686 1349 germini
709 1284 847 1351 stylus
875 1283 1136 1347 filiformis,
1175 1291 1377 1354 effetus,

101 1365 400 1428 longitudine
435 1366 710 1428 staminum,
758 1366 804 1413 &
829 1371 976 1430 paulo
1021 1369 1175 1431 vltra,
1219 1375 1380 1434 perfo-

103 1458 210 1493 rans
236 1446 538 1497 anthemium
570 1447 866 1509 cylindrum,
893 1448 1056 1515 stigma
1083 1451 1378 1518 bipartitum,

104 1525 282 1575 laciniis
327 1526 595 1585 reuoluti8‚
648 1525 922 1587 patentibus
944 1561 960 1586 ,
1024 1528 1069 1575 &
1099 1534 1378 1592 prominens

107 1618 292 1657 tantum
312 1622 413 1655 non
434 1609 616 1667 vbique
637 1608 929 1658 antheralem
945 1610 1072 1658 vltra
1096 1614 1378 1673 cylindrum.

105 1687 369 1753 Pericarpio
412 1695 575 1736 carent
613 1701 781 1737 omnes
818 1688 957 1735 huius
1001 1691 1143 1739 claffis
1173 1696 1379 1760 plantae,

93 1767 244 1835 semen
287 1777 472 1828 autem,
521 1767 652 1830 quod
693 1768 877 1816 flosculi
914 1769 1079 1831 finguli
1122 1786 1377 1840 generant,

105 1851 152 1898 &
182 1850 490 1912 relinquunt,
533 1850 719 1898 nonnisi
752 1852 951 1898 vnicum
982 1849 1078 1913 est,
1122 1855 1267 1915 idque
1295 1860 1379 1906 ob.

103 1935 334 1996 longum,
375 1931 656 1992 frequenter
694 1939 824 1980 certe
854 1933 1238 1996 quadragonum‚
1285 1939 1381 1990 bafi

105 2012 270 2077 saepius
295 2013 588 2076 angustiore,
625 2022 883 2062 coronatum
906 2021 1080 2079 pappo,
1128 2016 1379 2068 constante

106 2091 243 2142 radiis
271 2092 514 2153 plurimiS,
550 2092 712 2154 positis
747 2093 797 2138 in
823 2095 1020 2153 orbem,
1055 2107 1186 2142 nunc
1205 2096 1381 2164 stmpli.

105 2171 247 2234 cibus,
269 2187 399 2221 nunc
413 2170 622 2228 rudiam,
644 2171 726 2217 vel
745 2171 949 2233 ramosis,
979 2173 1024 2218 &
1042 2176 1191 2222 modo
1216 2192 1377 2241 pappo

101 2257 250 2326 seffili,
281 2248 429 2305 inodo
463 2256 605 2303 etiam
639 2252 870 2303 insidente
892 2253 1063 2318 stipiti,
1097 2255 1379 2309 obseruabili

103 2353 208 2392 tum
232 2337 547 2399 vtplurimum
585 2337 635 2384 in
671 2336 802 2385 hisce
837 2333 1134 2385 seminalibus
1168 2341 1379 2403 reliquiis

102 2414 350 2487 perianthz'o
371 2431 550 2479 paru0,
586 2416 705 2478 saepe
726 2417 1162 2481 quinquedentam,
1179 2422 1224 2468 &
1237 2429 1377 2486 perfi-

108 2499 276 2547 stente.
321 2497 482 2556 Alibi,
506 2496 681 2545 scilicet
702 2499 750 2545 in
771 2497 1054 2558 quibusdam
1071 2499 1212 2552 huius
1233 2505 1377 2559 elaffis

106 2577 279 2641 plantis
299 2589 461 2628 corona
481 2576 634 2629 omnis
659 2573 772 2639 abest
794 2576 843 2623 in
865 2574 1133 2650 seminibus

708 2655 756 2724 Q
1251 2652 1378 2708 Com-
