<?xml version="1.0" encoding="UTF-8"?>
<!DOCTYPE html PUBLIC "-//W3C//DTD XHTML 1.0 Transitional//EN"
    "http://www.w3.org/TR/xhtml1/DTD/xhtml1-transitional.dtd">
<html xmlns="http://www.w3.org/1999/xhtml" xml:lang="en" lang="en">
 <head>
  <title>
</title>
<meta http-equiv="Content-Type" content="text/html;charset=utf-8" />
  <meta name='ocr-system' content='tesseract 3.04.00' />
  <meta name='ocr-capabilities' content='ocr_page ocr_carea ocr_par ocr_line ocrx_word'/>
</head>
<body>
  <div class='ocr_page' id='page_1' title='image "./philfridgmelinot00gmel_0109.png"; bbox 0 0 1881 3137; ppageno 0'>
   <div class='ocr_carea' id='block_1_1' title="bbox 407 143 1352 225">
    <p class='ocr_par' dir='ltr' id='par_1_1' title="bbox 407 143 1352 225">
     <span class='ocr_line' id='line_1_1' title="bbox 407 143 1352 225; baseline -0.002 -17"><span class='ocrx_word' id='word_1_1' title='bbox 407 143 1017 208; x_wconf 79' lang='lat' dir='ltr'>AMENTACEAE.</span> <span class='ocrx_word' id='word_1_2' title='bbox 1275 165 1352 225; x_wconf 80' lang='lat'><strong>93</strong></span> 
     </span>
    </p>
   </div>
   <div class='ocr_carea' id='block_1_2' title="bbox 55 265 1356 2731">
    <p class='ocr_par' dir='ltr' id='par_1_2' title="bbox 55 265 1356 2655">
     <span class='ocr_line' id='line_1_2' title="bbox 84 265 1356 334; baseline -0.001 -16"><span class='ocrx_word' id='word_1_3' title='bbox 84 269 245 334; x_wconf 77' lang='lat' dir='ltr'><strong>prior,</strong></span> <span class='ocrx_word' id='word_1_4' title='bbox 280 268 556 329; x_wconf 85' lang='lat' dir='ltr'><strong>frequenter</strong></span> <span class='ocrx_word' id='word_1_5' title='bbox 576 267 744 329; x_wconf 89' lang='lat' dir='ltr'><strong>sponte</strong></span> <span class='ocrx_word' id='word_1_6' title='bbox 773 265 964 316; x_wconf 79' lang='lat' dir='ltr'><strong>nascens</strong></span> <span class='ocrx_word' id='word_1_7' title='bbox 988 268 1124 316; x_wconf 80' lang='lat' dir='ltr'><strong>siluas</strong></span> <span class='ocrx_word' id='word_1_8' title='bbox 1150 269 1249 317; x_wconf 88' lang='lat' dir='ltr'><strong>eius</strong></span> <span class='ocrx_word' id='word_1_9' title='bbox 1279 284 1356 317; x_wconf 82' lang='lat' dir='ltr'><strong>or-</strong></span> 
     </span>
     <span class='ocr_line' id='line_1_3' title="bbox 83 348 1353 414; baseline -0.001 -14"><span class='ocrx_word' id='word_1_10' title='bbox 83 351 204 414; x_wconf 75' lang='lat' dir='ltr'><strong>nat)</strong></span> <span class='ocrx_word' id='word_1_11' title='bbox 239 348 393 398; x_wconf 65' lang='lat' dir='ltr'><strong>frufflx</strong></span> <span class='ocrx_word' id='word_1_12' title='bbox 419 350 664 397; x_wconf 81' lang='lat' dir='ltr'>nutriente</span> <span class='ocrx_word' id='word_1_13' title='bbox 687 387 704 411; x_wconf 84' lang='lat'>‚</span> <span class='ocrx_word' id='word_1_14' title='bbox 740 351 904 399; x_wconf 88' lang='lat' dir='ltr'><strong>oleoso</strong></span> <span class='ocrx_word' id='word_1_15' title='bbox 932 387 948 412; x_wconf 79' lang='lat'>‚</span> <span class='ocrx_word' id='word_1_16' title='bbox 983 349 1135 398; x_wconf 85' lang='lat' dir='ltr'><strong>solido</strong></span> <span class='ocrx_word' id='word_1_17' title='bbox 1157 386 1173 411; x_wconf 80' lang='lat'>,</span> <span class='ocrx_word' id='word_1_18' title='bbox 1210 350 1353 412; x_wconf 80' lang='lat' dir='ltr'>profi-</span> 
     </span>
     <span class='ocr_line' id='line_1_4' title="bbox 84 427 1351 492; baseline -0.002 -12"><span class='ocrx_word' id='word_1_19' title='bbox 84 447 175 481; x_wconf 88' lang='lat' dir='ltr'><strong>cua</strong></span> <span class='ocrx_word' id='word_1_20' title='bbox 226 427 515 491; x_wconf 78' lang='lat' dir='ltr'>pecoribus,</span> <span class='ocrx_word' id='word_1_21' title='bbox 598 437 823 491; x_wconf 83' lang='lat' dir='ltr'><strong>grataque</strong></span> <span class='ocrx_word' id='word_1_22' title='bbox 870 430 1030 492; x_wconf 87' lang='lat' dir='ltr'>palato</span> <span class='ocrx_word' id='word_1_23' title='bbox 1072 429 1351 492; x_wconf 76' lang='lat' dir='ltr'><strong>hominum,</strong></span> 
     </span>
     <span class='ocr_line' id='line_1_5' title="bbox 78 506 1352 571; baseline -0.002 -9"><span class='ocrx_word' id='word_1_24' title='bbox 78 527 182 562; x_wconf 85' lang='lat' dir='ltr'><strong>non</strong></span> <span class='ocrx_word' id='word_1_25' title='bbox 213 511 361 559; x_wconf 76' lang='lat' dir='ltr'><strong>ratius</strong></span> <span class='ocrx_word' id='word_1_26' title='bbox 393 511 489 558; x_wconf 90' lang='lat' dir='ltr'><strong>hoc</strong></span> <span class='ocrx_word' id='word_1_27' title='bbox 515 509 673 557; x_wconf 60' lang='lat' dir='ltr'><strong>fruuu</strong></span> <span class='ocrx_word' id='word_1_28' title='bbox 695 546 710 570; x_wconf 76' lang='lat'>‚</span> <span class='ocrx_word' id='word_1_29' title='bbox 747 523 808 556; x_wconf 90' lang='lat' dir='ltr'><strong>eo</strong></span> <span class='ocrx_word' id='word_1_30' title='bbox 842 506 962 571; x_wconf 83' lang='lat' dir='ltr'><strong>saepe</strong></span> <span class='ocrx_word' id='word_1_31' title='bbox 990 511 1039 557; x_wconf 88' lang='lat' dir='ltr'><strong>in</strong></span> <span class='ocrx_word' id='word_1_32' title='bbox 1067 510 1243 559; x_wconf 86' lang='lat' dir='ltr'><strong>deliciis</strong></span> <span class='ocrx_word' id='word_1_33' title='bbox 1273 509 1352 559; x_wconf 81' lang='lat' dir='ltr'><strong>ha-</strong></span> 
     </span>
     <span class='ocr_line' id='line_1_6' title="bbox 80 587 1351 652; baseline -0.002 -11"><span class='ocrx_word' id='word_1_34' title='bbox 80 593 185 641; x_wconf 84' lang='lat' dir='ltr'><strong>bito</strong></span> <span class='ocrx_word' id='word_1_35' title='bbox 217 591 485 647; x_wconf 78' lang='lat' dir='ltr'><strong>vtentium3</strong></span> <span class='ocrx_word' id='word_1_36' title='bbox 540 587 684 636; x_wconf 84' lang='lat' dir='ltr'>Caret</span> <span class='ocrx_word' id='word_1_37' title='bbox 723 590 865 636; x_wconf 81' lang='lat' dir='ltr'><strong>etiam</strong></span> <span class='ocrx_word' id='word_1_38' title='bbox 894 588 1029 652; x_wconf 85' lang='lat' dir='ltr'><strong>fagus</strong></span> <span class='ocrx_word' id='word_1_39' title='bbox 1065 590 1114 637; x_wconf 90' lang='lat' dir='ltr'><strong>in</strong></span> <span class='ocrx_word' id='word_1_40' title='bbox 1146 590 1351 639; x_wconf 87' lang='lat' dir='ltr'><strong>flosculis</strong></span> 
     </span>
     <span class='ocr_line' id='line_1_7' title="bbox 77 667 1352 728; baseline -0.001 -11"><span class='ocrx_word' id='word_1_41' title='bbox 77 672 331 728; x_wconf 78' lang='lat' dir='ltr'><strong>Vtriusque</strong></span> <span class='ocrx_word' id='word_1_42' title='bbox 352 667 487 716; x_wconf 82' lang='lat' dir='ltr'><strong>sexus</strong></span> <span class='ocrx_word' id='word_1_43' title='bbox 511 667 710 727; x_wconf 79' lang='lat' dir='ltr'>corolla,</span> <span class='ocrx_word' id='word_1_44' title='bbox 744 680 903 727; x_wconf 88' lang='lat' dir='ltr'><strong>neque</strong></span> <span class='ocrx_word' id='word_1_45' title='bbox 934 668 1030 728; x_wconf 82' lang='lat' dir='ltr'><strong>ina,</strong></span> <span class='ocrx_word' id='word_1_46' title='bbox 1069 681 1172 728; x_wconf 84' lang='lat' dir='ltr'><strong>quae</strong></span> <span class='ocrx_word' id='word_1_47' title='bbox 1193 667 1352 716; x_wconf 84' lang='lat' dir='ltr'><strong>Tour-</strong></span> 
     </span>
     <span class='ocr_line' id='line_1_8' title="bbox 76 746 1350 811; baseline 0.001 -18"><span class='ocrx_word' id='word_1_48' title='bbox 76 746 274 794; x_wconf 85' lang='lat' dir='ltr'><strong>nefortii</strong></span> <span class='ocrx_word' id='word_1_49' title='bbox 306 746 426 794; x_wconf 65' lang='lat' dir='ltr'><strong>dicsta</strong></span> <span class='ocrx_word' id='word_1_50' title='bbox 447 747 539 795; x_wconf 86' lang='lat' dir='ltr'><strong>fuit</strong></span> <span class='ocrx_word' id='word_1_51' title='bbox 562 746 774 793; x_wconf 89' lang='lat' dir='ltr'><strong>eiusdem</strong></span> <span class='ocrx_word' id='word_1_52' title='bbox 800 746 1004 809; x_wconf 75' lang='lat' dir='ltr'><strong>species,</strong></span> <span class='ocrx_word' id='word_1_53' title='bbox 1043 747 1176 809; x_wconf 82' lang='lat' dir='ltr'><strong>vulgi</strong></span> <span class='ocrx_word' id='word_1_54' title='bbox 1197 746 1350 811; x_wconf 59' lang='lat' dir='ltr'><strong>fagus„</strong></span> 
     </span>
     <span class='ocr_line' id='line_1_9' title="bbox 77 828 1351 895; baseline 0.002 -19"><span class='ocrx_word' id='word_1_55' title='bbox 77 831 211 876; x_wconf 79' lang='lat' dir='ltr'><strong>aliter</strong></span> <span class='ocrx_word' id='word_1_56' title='bbox 242 828 286 877; x_wconf 94' lang='lat' dir='ltr'><strong>se</strong></span> <span class='ocrx_word' id='word_1_57' title='bbox 315 845 341 877; x_wconf 83' lang='lat' dir='ltr'>a</span> <span class='ocrx_word' id='word_1_58' title='bbox 367 829 582 878; x_wconf 81' lang='lat' dir='ltr'><strong>castanea</strong></span> <span class='ocrx_word' id='word_1_59' title='bbox 616 831 862 893; x_wconf 75' lang='lat' dir='ltr'><strong>discernit,</strong></span> <span class='ocrx_word' id='word_1_60' title='bbox 896 832 979 879; x_wconf 84' lang='lat' dir='ltr'><strong>nisi</strong></span> <span class='ocrx_word' id='word_1_61' title='bbox 1015 832 1145 892; x_wconf 86' lang='lat' dir='ltr'><strong>quod</strong></span> <span class='ocrx_word' id='word_1_62' title='bbox 1169 833 1217 878; x_wconf 89' lang='lat' dir='ltr'><strong>in</strong></span> <span class='ocrx_word' id='word_1_63' title='bbox 1240 830 1351 895; x_wconf 79' lang='lat' dir='ltr'>fago</span> 
     </span>
     <span class='ocr_line' id='line_1_10' title="bbox 71 911 1349 979; baseline 0.003 -21"><span class='ocrx_word' id='word_1_64' title='bbox 71 913 259 975; x_wconf 81' lang='lat' dir='ltr'><strong>vulgari</strong></span> <span class='ocrx_word' id='word_1_65' title='bbox 292 911 483 959; x_wconf 74' lang='lat' dir='ltr'><strong>masculi</strong></span> <span class='ocrx_word' id='word_1_66' title='bbox 525 914 669 961; x_wconf 87' lang='lat' dir='ltr'><strong>flores</strong></span> <span class='ocrx_word' id='word_1_67' title='bbox 700 915 749 962; x_wconf 92' lang='lat' dir='ltr'><strong>in</strong></span> <span class='ocrx_word' id='word_1_68' title='bbox 789 915 987 978; x_wconf 85' lang='lat' dir='ltr'>globum</span> <span class='ocrx_word' id='word_1_69' title='bbox 1020 915 1110 962; x_wconf 87' lang='lat' dir='ltr'><strong>fint</strong></span> <span class='ocrx_word' id='word_1_70' title='bbox 1152 915 1349 979; x_wconf 76' lang='lat' dir='ltr'><strong>digesti,</strong></span> 
     </span>
     <span class='ocr_line' id='line_1_11' title="bbox 73 992 1351 1056; baseline 0.005 -18"><span class='ocrx_word' id='word_1_71' title='bbox 73 993 154 1053; x_wconf 90' lang='lat' dir='ltr'><strong>qui</strong></span> <span class='ocrx_word' id='word_1_72' title='bbox 189 1001 418 1054; x_wconf 82' lang='lat' dir='ltr'>apparent</span> <span class='ocrx_word' id='word_1_73' title='bbox 444 994 492 1039; x_wconf 85' lang='lat' dir='ltr'><strong>in</strong></span> <span class='ocrx_word' id='word_1_74' title='bbox 533 992 763 1042; x_wconf 84' lang='lat' dir='ltr'><strong>Castanea</strong></span> <span class='ocrx_word' id='word_1_75' title='bbox 800 995 1078 1056; x_wconf 82' lang='lat' dir='ltr'>regulariter</span> <span class='ocrx_word' id='word_1_76' title='bbox 1117 996 1167 1043; x_wconf 88' lang='lat' dir='ltr'><strong>in</strong></span> <span class='ocrx_word' id='word_1_77' title='bbox 1203 997 1351 1056; x_wconf 84' lang='lat' dir='ltr'><strong>cylin-</strong></span> 
     </span>
     <span class='ocr_line' id='line_1_12' title="bbox 73 1070 1352 1140; baseline -0.001 -16"><span class='ocrx_word' id='word_1_78' title='bbox 73 1078 211 1124; x_wconf 81' lang='lat' dir='ltr'><strong>drum</strong></span> <span class='ocrx_word' id='word_1_79' title='bbox 251 1070 468 1133; x_wconf 83' lang='lat' dir='ltr'><strong>dispositi.</strong></span> <span class='ocrx_word' id='word_1_80' title='bbox 550 1070 700 1139; x_wconf 83' lang='lat' dir='ltr'><strong>Fagus</strong></span> <span class='ocrx_word' id='word_1_81' title='bbox 741 1081 955 1122; x_wconf 87' lang='lat' dir='ltr'><strong>ceterum</strong></span> <span class='ocrx_word' id='word_1_82' title='bbox 992 1074 1040 1122; x_wconf 84' lang='lat' dir='ltr'><strong>in</strong></span> <span class='ocrx_word' id='word_1_83' title='bbox 1068 1088 1227 1140; x_wconf 81' lang='lat' dir='ltr'><strong>genere</strong></span> <span class='ocrx_word' id='word_1_84' title='bbox 1259 1090 1352 1123; x_wconf 83' lang='lat' dir='ltr'><strong>ma-</strong></span> 
     </span>
     <span class='ocr_line' id='line_1_13' title="bbox 59 1152 1350 1219; baseline -0.002 -17"><span class='ocrx_word' id='word_1_85' title='bbox 59 1153 206 1219; x_wconf 85' lang='lat' dir='ltr'><strong>sculos</strong></span> <span class='ocrx_word' id='word_1_86' title='bbox 235 1152 378 1200; x_wconf 88' lang='lat' dir='ltr'><strong>flores</strong></span> <span class='ocrx_word' id='word_1_87' title='bbox 408 1153 555 1200; x_wconf 83' lang='lat' dir='ltr'>habet</span> <span class='ocrx_word' id='word_1_88' title='bbox 580 1155 893 1214; x_wconf 67' lang='lat' dir='ltr'>receptacfflo</span> <span class='ocrx_word' id='word_1_89' title='bbox 926 1155 1170 1202; x_wconf 85' lang='lat' dir='ltr'><strong>communi</strong></span> <span class='ocrx_word' id='word_1_90' title='bbox 1195 1167 1350 1202; x_wconf 83' lang='lat' dir='ltr'><strong>amen—</strong></span> 
     </span>
     <span class='ocr_line' id='line_1_14' title="bbox 68 1226 1350 1293; baseline 0.004 -19"><span class='ocrx_word' id='word_1_91' title='bbox 68 1236 211 1276; x_wconf 75' lang='lat' dir='ltr'>taceo</span> <span class='ocrx_word' id='word_1_92' title='bbox 254 1226 417 1277; x_wconf 81' lang='lat' dir='ltr'><strong>affixos</strong></span> <span class='ocrx_word' id='word_1_93' title='bbox 439 1264 455 1290; x_wconf 76' lang='lat'>,</span> <span class='ocrx_word' id='word_1_94' title='bbox 501 1228 770 1292; x_wconf 72' lang='lat' dir='ltr'><strong>pei-ianthio</strong></span> <span class='ocrx_word' id='word_1_95' title='bbox 809 1231 1133 1292; x_wconf 82' lang='lat' dir='ltr'><strong>monophyllo</strong></span> <span class='ocrx_word' id='word_1_96' title='bbox 1155 1267 1171 1293; x_wconf 78' lang='lat'>,</span> <span class='ocrx_word' id='word_1_97' title='bbox 1229 1245 1350 1279; x_wconf 81' lang='lat' dir='ltr'>cam—</span> 
     </span>
     <span class='ocr_line' id='line_1_15' title="bbox 68 1308 1349 1373; baseline 0.002 -17"><span class='ocrx_word' id='word_1_98' title='bbox 68 1309 323 1372; x_wconf 84' lang='lat' dir='ltr'><strong>panulatO,</strong></span> <span class='ocrx_word' id='word_1_99' title='bbox 362 1308 702 1371; x_wconf 78' lang='lat' dir='ltr'><strong>quinquefidO,</strong></span> <span class='ocrx_word' id='word_1_100' title='bbox 727 1308 947 1373; x_wconf 82' lang='lat' dir='ltr'><strong>femineos</strong></span> <span class='ocrx_word' id='word_1_101' title='bbox 975 1310 1119 1357; x_wconf 86' lang='lat' dir='ltr'><strong>flores</strong></span> <span class='ocrx_word' id='word_1_102' title='bbox 1147 1310 1196 1357; x_wconf 91' lang='lat' dir='ltr'><strong>in</strong></span> <span class='ocrx_word' id='word_1_103' title='bbox 1223 1323 1349 1373; x_wconf 88' lang='lat' dir='ltr'><strong>gem-</strong></span> 
     </span>
     <span class='ocr_line' id='line_1_16' title="bbox 67 1387 1344 1456; baseline -0.004 -14"><span class='ocrx_word' id='word_1_104' title='bbox 67 1407 147 1442; x_wconf 87' lang='lat' dir='ltr'><strong>ma</strong></span> <span class='ocrx_word' id='word_1_105' title='bbox 175 1394 387 1442; x_wconf 87' lang='lat' dir='ltr'><strong>eiusdem</strong></span> <span class='ocrx_word' id='word_1_106' title='bbox 413 1394 586 1454; x_wconf 83' lang='lat' dir='ltr'><strong>plantae</strong></span> <span class='ocrx_word' id='word_1_107' title='bbox 614 1390 857 1451; x_wconf 79' lang='lat' dir='ltr'><strong>sedenteS,</strong></span> <span class='ocrx_word' id='word_1_108' title='bbox 889 1387 1143 1456; x_wconf 81' lang='lat' dir='ltr'><strong>perianthio</strong></span> <span class='ocrx_word' id='word_1_109' title='bbox 1173 1403 1344 1439; x_wconf 88' lang='lat' dir='ltr'><strong>mono-</strong></span> 
     </span>
     <span class='ocr_line' id='line_1_17' title="bbox 69 1467 1347 1539; baseline 0 -20"><span class='ocrx_word' id='word_1_110' title='bbox 69 1479 260 1539; x_wconf 78' lang='lat' dir='ltr'>phyllo,</span> <span class='ocrx_word' id='word_1_111' title='bbox 299 1471 682 1533; x_wconf 79' lang='lat' dir='ltr'><strong>quadridentato‚</strong></span> <span class='ocrx_word' id='word_1_112' title='bbox 722 1467 907 1528; x_wconf 61' lang='lat' dir='ltr'>ereao,</span> <span class='ocrx_word' id='word_1_113' title='bbox 945 1478 1117 1530; x_wconf 74' lang='lat' dir='ltr'><strong>acute,</strong></span> <span class='ocrx_word' id='word_1_114' title='bbox 1148 1470 1347 1534; x_wconf 80' lang='lat' dir='ltr'><strong>pericar-</strong></span> 
     </span>
     <span class='ocr_line' id='line_1_18' title="bbox 62 1547 1343 1622; baseline -0.009 -16"><span class='ocrx_word' id='word_1_115' title='bbox 62 1557 142 1622; x_wconf 86' lang='lat' dir='ltr'><strong>pio</strong></span> <span class='ocrx_word' id='word_1_116' title='bbox 177 1571 202 1604; x_wconf 93' lang='lat' dir='ltr'>e</span> <span class='ocrx_word' id='word_1_117' title='bbox 235 1552 418 1614; x_wconf 83' lang='lat' dir='ltr'>capsula</span> <span class='ocrx_word' id='word_1_118' title='bbox 451 1550 700 1598; x_wconf 85' lang='lat' dir='ltr'><strong>constante</strong></span> <span class='ocrx_word' id='word_1_119' title='bbox 730 1547 1025 1596; x_wconf 85' lang='lat' dir='ltr'><strong>subrotunda</strong></span> <span class='ocrx_word' id='word_1_120' title='bbox 1046 1584 1061 1609; x_wconf 77' lang='grc'>,</span> <span class='ocrx_word' id='word_1_121' title='bbox 1100 1548 1235 1612; x_wconf 81' lang='lat' dir='ltr'><strong>(quae</strong></span> <span class='ocrx_word' id='word_1_122' title='bbox 1270 1565 1343 1599; x_wconf 78' lang='lat' dir='ltr'><strong>ca-</strong></span> 
     </span>
     <span class='ocr_line' id='line_1_19' title="bbox 69 1628 1341 1696; baseline -0.004 -13"><span class='ocrx_word' id='word_1_123' title='bbox 69 1635 156 1695; x_wconf 78' lang='lat' dir='ltr'><strong>lyx</strong></span> <span class='ocrx_word' id='word_1_124' title='bbox 194 1631 353 1696; x_wconf 76' lang='lat' dir='ltr'><strong>fuit,)</strong></span> <span class='ocrx_word' id='word_1_125' title='bbox 398 1631 601 1679; x_wconf 81' lang='lat' dir='ltr'><strong>maxima</strong></span> <span class='ocrx_word' id='word_1_126' title='bbox 627 1665 646 1690; x_wconf 85' lang='lat'><strong>.,</strong></span> <span class='ocrx_word' id='word_1_127' title='bbox 707 1628 847 1690; x_wconf 90' lang='lat' dir='ltr'><strong>spinis</strong></span> <span class='ocrx_word' id='word_1_128' title='bbox 894 1629 1119 1676; x_wconf 85' lang='lat' dir='ltr'><strong>mollibus</strong></span> <span class='ocrx_word' id='word_1_129' title='bbox 1163 1629 1341 1693; x_wconf 82' lang='lat' dir='ltr'><strong>obsita,</strong></span> 
     </span>
     <span class='ocr_line' id='line_1_20' title="bbox 66 1708 1344 1773; baseline -0.005 -10"><span class='ocrx_word' id='word_1_130' title='bbox 66 1711 355 1763; x_wconf 82' lang='lat' dir='ltr'><strong>vniloculari</strong></span> <span class='ocrx_word' id='word_1_131' title='bbox 384 1745 400 1771; x_wconf 82' lang='lat'>‚</span> <span class='ocrx_word' id='word_1_132' title='bbox 447 1709 742 1773; x_wconf 83' lang='lat' dir='ltr'><strong>quadriualui</strong></span> <span class='ocrx_word' id='word_1_133' title='bbox 767 1744 785 1772; x_wconf 79' lang='lat'>‚</span> <span class='ocrx_word' id='word_1_134' title='bbox 847 1708 1089 1756; x_wconf 87' lang='lat' dir='ltr'><strong>condente</strong></span> <span class='ocrx_word' id='word_1_135' title='bbox 1125 1708 1251 1758; x_wconf 82' lang='lat' dir='ltr'><strong>intra</strong></span> <span class='ocrx_word' id='word_1_136' title='bbox 1296 1709 1344 1757; x_wconf 92' lang='lat' dir='ltr'><strong>se</strong></span> 
     </span>
     <span class='ocr_line' id='line_1_21' title="bbox 55 1791 1338 1859; baseline -0.002 -16"><span class='ocrx_word' id='word_1_137' title='bbox 55 1797 178 1844; x_wconf 71' lang='lat' dir='ltr'>&#39;loco</span> <span class='ocrx_word' id='word_1_138' title='bbox 198 1792 378 1859; x_wconf 79' lang='lat' dir='ltr'><strong>fiminis</strong></span> <span class='ocrx_word' id='word_1_139' title='bbox 408 1793 522 1839; x_wconf 86' lang='lat' dir='ltr'><strong>duas</strong></span> <span class='ocrx_word' id='word_1_140' title='bbox 552 1799 718 1839; x_wconf 83' lang='lat' dir='ltr'><strong>ouatas</strong></span> <span class='ocrx_word' id='word_1_141' title='bbox 747 1802 898 1848; x_wconf 83' lang='lat' dir='ltr'><strong>nuces,</strong></span> <span class='ocrx_word' id='word_1_142' title='bbox 930 1791 1185 1850; x_wconf 83' lang='lat' dir='ltr'><strong>triquetras</strong></span> <span class='ocrx_word' id='word_1_143' title='bbox 1206 1828 1223 1853; x_wconf 81' lang='lat'>,</span> <span class='ocrx_word' id='word_1_144' title='bbox 1258 1793 1338 1840; x_wconf 85' lang='lat' dir='ltr'><strong>tri-</strong></span> 
     </span>
     <span class='ocr_line' id='line_1_22' title="bbox 63 1869 1337 1935; baseline -0.001 -14"><span class='ocrx_word' id='word_1_145' title='bbox 63 1874 230 1921; x_wconf 77' lang='lat' dir='ltr'><strong>u-alues</strong></span> <span class='ocrx_word' id='word_1_146' title='bbox 249 1908 266 1934; x_wconf 76' lang='lat'>,</span> <span class='ocrx_word' id='word_1_147' title='bbox 323 1871 370 1917; x_wconf 71' lang='grc' dir='ltr'><strong>δι</strong></span> <span class='ocrx_word' id='word_1_148' title='bbox 414 1870 720 1917; x_wconf 83' lang='lat' dir='ltr'><strong>acuminatas.</strong></span> <span class='ocrx_word' id='word_1_149' title='bbox 819 1869 1046 1929; x_wconf 82' lang='lat' dir='ltr'><strong>Sequitur</strong></span> <span class='ocrx_word' id='word_1_150' title='bbox 1089 1870 1337 1935; x_wconf 81' lang='lat' dir='ltr'><strong>Carpinus,</strong></span> 
     </span>
     <span class='ocr_line' id='line_1_23' title="bbox 68 1947 1337 2013; baseline 0.002 -16"><span class='ocrx_word' id='word_1_151' title='bbox 68 1951 294 2013; x_wconf 81' lang='lat' dir='ltr'><strong>proximo</strong></span> <span class='ocrx_word' id='word_1_152' title='bbox 346 1949 440 2012; x_wconf 85' lang='lat' dir='ltr'><strong>fagi</strong></span> <span class='ocrx_word' id='word_1_153' title='bbox 487 1948 649 2011; x_wconf 88' lang='lat' dir='ltr'><strong>generi</strong></span> <span class='ocrx_word' id='word_1_154' title='bbox 701 1947 884 1996; x_wconf 84' lang='lat' dir='ltr'><strong>adstans</strong></span> <span class='ocrx_word' id='word_1_155' title='bbox 908 1983 924 2010; x_wconf 87' lang='lat'>‚</span> <span class='ocrx_word' id='word_1_156' title='bbox 978 1948 1109 1996; x_wconf 88' lang='lat' dir='ltr'><strong>vnde</strong></span> <span class='ocrx_word' id='word_1_157' title='bbox 1160 1948 1337 2011; x_wconf 85' lang='lat' dir='ltr'><strong>species</strong></span> 
     </span>
     <span class='ocr_line' id='line_1_24' title="bbox 66 2027 1338 2090; baseline 0.002 -14"><span class='ocrx_word' id='word_1_158' title='bbox 66 2030 212 2077; x_wconf 83' lang='lat' dir='ltr'><strong>etiam</strong></span> <span class='ocrx_word' id='word_1_159' title='bbox 263 2029 363 2075; x_wconf 86' lang='lat' dir='ltr'><strong>eius</strong></span> <span class='ocrx_word' id='word_1_160' title='bbox 403 2029 536 2090; x_wconf 77' lang='lat' dir='ltr'><strong>fagus</strong></span> <span class='ocrx_word' id='word_1_161' title='bbox 582 2027 761 2089; x_wconf 86' lang='lat' dir='ltr'><strong>sepium</strong></span> <span class='ocrx_word' id='word_1_162' title='bbox 806 2027 940 2075; x_wconf 83' lang='lat' dir='ltr'><strong>audit</strong></span> <span class='ocrx_word' id='word_1_163' title='bbox 959 2064 976 2090; x_wconf 86' lang='lat'>,</span> <span class='ocrx_word' id='word_1_164' title='bbox 1037 2030 1180 2077; x_wconf 85' lang='lat' dir='ltr'>arbor</span> <span class='ocrx_word' id='word_1_165' title='bbox 1231 2028 1338 2080; x_wconf 88' lang='lat' dir='ltr'><strong>satis</strong></span> 
     </span>
     <span class='ocr_line' id='line_1_25' title="bbox 63 2107 1338 2172; baseline 0.004 -16"><span class='ocrx_word' id='word_1_166' title='bbox 63 2122 292 2172; x_wconf 77' lang='lat' dir='ltr'>procera,</span> <span class='ocrx_word' id='word_1_167' title='bbox 328 2107 550 2167; x_wconf 89' lang='lat' dir='ltr'><strong>denfique</strong></span> <span class='ocrx_word' id='word_1_168' title='bbox 570 2107 675 2155; x_wconf 79' lang='lat' dir='ltr'><strong>satis</strong></span> <span class='ocrx_word' id='word_1_169' title='bbox 705 2108 909 2156; x_wconf 88' lang='lat' dir='ltr'><strong>caudicis</strong></span> <span class='ocrx_word' id='word_1_170' title='bbox 932 2144 948 2169; x_wconf 80' lang='lat'><strong>‚</strong></span> <span class='ocrx_word' id='word_1_171' title='bbox 983 2109 1214 2159; x_wconf 86' lang='lat' dir='ltr'><strong>masculos</strong></span> <span class='ocrx_word' id='word_1_172' title='bbox 1251 2114 1338 2162; x_wconf 89' lang='lat' dir='ltr'><strong>flo-</strong></span> 
     </span>
     <span class='ocr_line' id='line_1_26' title="bbox 63 2186 1335 2252; baseline 0.001 -16"><span class='ocrx_word' id='word_1_173' title='bbox 63 2204 144 2237; x_wconf 82' lang='lat' dir='ltr'><strong>res</strong></span> <span class='ocrx_word' id='word_1_174' title='bbox 178 2186 471 2250; x_wconf 84' lang='lat' dir='ltr'><strong>polyandros</strong></span> <span class='ocrx_word' id='word_1_175' title='bbox 506 2186 734 2234; x_wconf 85' lang='lat' dir='ltr'><strong>exhibens</strong></span> <span class='ocrx_word' id='word_1_176' title='bbox 765 2187 815 2234; x_wconf 90' lang='lat' dir='ltr'><strong>in</strong></span> <span class='ocrx_word' id='word_1_177' title='bbox 855 2195 1097 2239; x_wconf 79' lang='lat' dir='ltr'><strong>amentum</strong></span> <span class='ocrx_word' id='word_1_178' title='bbox 1131 2190 1335 2252; x_wconf 88' lang='lat' dir='ltr'><strong>digestos</strong></span> 
     </span>
     <span class='ocr_line' id='line_1_27' title="bbox 63 2266 1338 2328; baseline -0.005 -12"><span class='ocrx_word' id='word_1_179' title='bbox 63 2269 422 2328; x_wconf 82' lang='lat' dir='ltr'><strong>cylindraceum</strong></span> <span class='ocrx_word' id='word_1_180' title='bbox 443 2303 459 2328; x_wconf 81' lang='lat'>,</span> <span class='ocrx_word' id='word_1_181' title='bbox 511 2266 746 2314; x_wconf 86' lang='lat' dir='ltr'><strong>femineos</strong></span> <span class='ocrx_word' id='word_1_182' title='bbox 792 2266 842 2315; x_wconf 85' lang='lat' dir='ltr'><strong>in</strong></span> <span class='ocrx_word' id='word_1_183' title='bbox 883 2275 1125 2315; x_wconf 82' lang='lat' dir='ltr'><strong>amentum</strong></span> <span class='ocrx_word' id='word_1_184' title='bbox 1163 2271 1338 2325; x_wconf 69' lang='lat' dir='ltr'><strong>oblon.</strong></span> 
     </span>
     <span class='ocr_line' id='line_1_28' title="bbox 59 2347 1335 2413; baseline 0.002 -17"><span class='ocrx_word' id='word_1_185' title='bbox 59 2362 199 2413; x_wconf 80' lang='lat' dir='ltr'><strong>gum,</strong></span> <span class='ocrx_word' id='word_1_186' title='bbox 237 2349 420 2396; x_wconf 71' lang='lat' dir='ltr'>corolla</span> <span class='ocrx_word' id='word_1_187' title='bbox 448 2348 709 2408; x_wconf 86' lang='lat' dir='ltr'><strong>vtrobique</strong></span> <span class='ocrx_word' id='word_1_188' title='bbox 744 2348 907 2408; x_wconf 82' lang='lat' dir='ltr'><strong>nulla,</strong></span> <span class='ocrx_word' id='word_1_189' title='bbox 943 2347 1143 2410; x_wconf 85' lang='lat' dir='ltr'><strong>squamis</strong></span> <span class='ocrx_word' id='word_1_190' title='bbox 1174 2361 1335 2403; x_wconf 87' lang='lat' dir='ltr'><strong>autem</strong></span> 
     </span>
     <span class='ocr_line' id='line_1_29' title="bbox 61 2426 1335 2496; baseline 0.005 -21"><span class='ocrx_word' id='word_1_191' title='bbox 61 2428 240 2476; x_wconf 80' lang='lat' dir='ltr'><strong>amenti</strong></span> <span class='ocrx_word' id='word_1_192' title='bbox 281 2428 522 2476; x_wconf 84' lang='lat' dir='ltr'><strong>masculini</strong></span> <span class='ocrx_word' id='word_1_193' title='bbox 565 2427 782 2475; x_wconf 82' lang='lat' dir='ltr'><strong>vnifloris</strong></span> <span class='ocrx_word' id='word_1_194' title='bbox 804 2462 820 2489; x_wconf 80' lang='lat'>,</span> <span class='ocrx_word' id='word_1_195' title='bbox 875 2426 1070 2475; x_wconf 87' lang='lat' dir='ltr'><strong>feminei</strong></span> <span class='ocrx_word' id='word_1_196' title='bbox 1116 2430 1296 2481; x_wconf 85' lang='lat' dir='ltr'><strong>bifloris</strong></span> <span class='ocrx_word' id='word_1_197' title='bbox 1317 2470 1335 2496; x_wconf 84' lang='lat'>,</span> 
     </span>
     <span class='ocr_line' id='line_1_30' title="bbox 59 2508 1336 2572; baseline 0.006 -18"><span class='ocrx_word' id='word_1_198' title='bbox 59 2509 325 2570; x_wconf 81' lang='lat' dir='ltr'><strong>pericarpio</strong></span> <span class='ocrx_word' id='word_1_199' title='bbox 356 2509 490 2556; x_wconf 86' lang='lat' dir='ltr'><strong>nullo</strong></span> <span class='ocrx_word' id='word_1_200' title='bbox 509 2547 525 2570; x_wconf 79' lang='lat'>,</span> <span class='ocrx_word' id='word_1_201' title='bbox 571 2523 681 2556; x_wconf 88' lang='lat' dir='ltr'><strong>cum</strong></span> <span class='ocrx_word' id='word_1_202' title='bbox 727 2508 827 2555; x_wconf 86' lang='lat' dir='ltr'><strong>eius</strong></span> <span class='ocrx_word' id='word_1_203' title='bbox 860 2508 994 2556; x_wconf 88' lang='lat' dir='ltr'><strong>vices</strong></span> <span class='ocrx_word' id='word_1_204' title='bbox 1038 2520 1144 2572; x_wconf 81' lang='lat' dir='ltr'>agat</span> <span class='ocrx_word' id='word_1_205' title='bbox 1181 2527 1336 2563; x_wconf 85' lang='lat' dir='ltr'><strong>amen-</strong></span> 
     </span>
     <span class='ocr_line' id='line_1_31' title="bbox 57 2585 1336 2655; baseline 0.005 -21"><span class='ocrx_word' id='word_1_206' title='bbox 57 2596 198 2648; x_wconf 83' lang='lat' dir='ltr'><strong>tum,</strong></span> <span class='ocrx_word' id='word_1_207' title='bbox 254 2589 511 2643; x_wconf 80' lang='lat' dir='ltr'><strong>maximum</strong></span> <span class='ocrx_word' id='word_1_208' title='bbox 559 2589 767 2638; x_wconf 89' lang='lat' dir='ltr'><strong>euadens</strong></span> <span class='ocrx_word' id='word_1_209' title='bbox 793 2625 808 2650; x_wconf 79' lang='grc'>,</span> <span class='ocrx_word' id='word_1_210' title='bbox 861 2585 918 2639; x_wconf 83' lang='lat' dir='ltr'><strong>acl</strong></span> <span class='ocrx_word' id='word_1_211' title='bbox 967 2590 1095 2640; x_wconf 84' lang='lat' dir='ltr'><strong>bafin</strong></span> <span class='ocrx_word' id='word_1_212' title='bbox 1146 2591 1336 2655; x_wconf 82' lang='lat' dir='ltr'><strong>fingulae</strong></span> 
     </span>
    </p>

    <p class='ocr_par' dir='ltr' id='par_1_3' title="bbox 658 2666 1334 2731">
     <span class='ocr_line' id='line_1_32' title="bbox 658 2666 1334 2731; baseline 0.007 -16"><span class='ocrx_word' id='word_1_213' title='bbox 658 2666 717 2715; x_wconf 88' lang='lat' dir='ltr'>M</span> <span class='ocrx_word' id='word_1_214' title='bbox 753 2682 779 2728; x_wconf 84' lang='lat'><strong>3</strong></span> <span class='ocrx_word' id='word_1_215' title='bbox 1134 2668 1334 2731; x_wconf 63' lang='lat' dir='ltr'><strong>squamae</strong></span> 
     </span>
    </p>
   </div>
  </div>
 </body>
</html>
