2912 4368
1073 910 1149 953 ρο
1407 852 1411 856 ’
1557 887 2039 949 PROLOGVS

1077 1012 1397 1077 insisterem,
1447 1011 1565 1069 licet
1604 1029 1714 1069 non
1751 1015 1992 1088 generice
2033 1023 2237 1068 tantum
2264 1045 2279 1074 ,
2328 1010 2413 1068 sed
2441 1018 2504 1073 &

1078 1106 1255 1160 omnia
1299 1102 1451 1159 fimul
1498 1105 1713 1158 nomina
1760 1101 1989 1176 specifica
2029 1101 2357 1158 immutanda
2405 1100 2505 1157 effe

1074 1194 1220 1252 facile
1242 1193 1625 1267 praeuiderem,
1665 1191 1872 1249 dudum
1896 1193 2035 1248 enim
2061 1190 2342 1264 pleraque,
2385 1206 2503 1247 tum

1075 1302 1103 1340 a
1133 1283 1413 1340 Veteribus
1453 1281 1692 1356 impofita
1714 1315 1730 1345 ‚
1790 1296 1906 1336 turn
1951 1300 1979 1337 a
2018 1280 2396 1336 recentioribus
2431 1281 2503 1335 in-

1077 1371 1318 1430 troduffli
1355 1374 1569 1428 nomina
1605 1370 1733 1426 mihi
1775 1370 2165 1444 displicuerant,
2206 1368 2328 1424 hinc
2361 1368 2502 1429 data,

1076 1466 1215 1527 &in
1249 1464 1438 1521 Critica
1471 1462 1710 1518 Botanica
1732 1478 1858 1517 vere
1890 1459 2242 1516 demonstrata
2275 1458 2503 1523 affumfi,

1075 1555 1272 1627 reliqua
1304 1552 1425 1608 hine
1467 1551 1588 1607 inde
1621 1550 1925 1613 emendaui,
1969 1554 2030 1611 ὅ(
2066 1549 2281 1607 vlterius
2322 1565 2499 1605 emen-

1076 1645 1200 1702 dare
1233 1641 1413 1698 sedulo
1441 1641 1657 1697 adnitar.

1188 1736 1492 1808 Quartum,
1556 1736 1617 1790 &
1670 1731 1917 1803 quintum
1969 1727 2269 1802 Systematis
2332 1743 2501 1784 mem-

1074 1827 1265 1891 brum,
1307 1835 1548 1895 quorum
1581 1820 1726 1891 prius
1752 1819 1958 1888 Species,
1998 1818 2256 1891 posterius
2282 1819 2500 1873 Varieta-

1074 1924 1143 1968 tes
1177 1913 1416 1974 exhibet,
1455 1909 1607 1966 simul
1638 1908 1865 1972 trad-am,
1905 1923 2092 1982 vtpote
2126 1912 2193 1965 ita
2229 1908 2410 1964 tradita
2438 1912 2500 1968 δε

1044 2006 1235 2074 ‚mixta
1277 2004 1343 2060 ab
1388 1998 1829 2059 Antecefforibus.
1948 2000 2157 2073 Species
2201 1999 2501 2073 plantarum

1072 2090 1374 2151 numerosas
1406 2088 1506 2144 effe
1538 2087 1791 2162 agnosco,
1846 2086 1930 2143 sed
1964 2105 2157 2144 vereor
2189 2103 2392 2148 tamen,
2432 2101 2499 2139 ne

1072 2184 1297 2242 Botaniei
1331 2197 1620 2238 numerum
1651 2196 1834 2234 earum
1867 2180 2091 2233 nimium
2123 2178 2501 2250 multiplieaue-

1071 2278 1210 2347 rint3
1272 2287 1384 2346 quo
1425 2273 1565 2327 enim
1609 2269 1818 2342 longius
1866 2269 2061 2326 recedo
2112 2268 2176 2325 ad
2210 2268 2499 2333 Bauhinos‚

1072 2381 1269 2438 eosque
1291 2398 1305 2424 ‚
1357 2362 1448 2436 qui
1485 2360 1646 2433 paulo
1680 2373 1798 2413 ante
1830 2357 2141 2431 scripserunt
2162 2401 2179 2425 ,
2231 2376 2296 2413 eo
2330 2360 2500 2414 mino-

1071 2471 1189 2511 rem
1228 2452 1527 2527 plantarum
1572 2466 1861 2505 numerum
1901 2450 2129 2504 inuenio.
2245 2448 2500 2521 Casparus

1072 2545 1334 2603 Bauhinus
1364 2543 1540 2599 saltem
1560 2577 1575 2605 ‚
1627 2557 1798 2616 quum
1834 2540 2018 2614 stirpes
2053 2557 2240 2597 omnes
2275 2540 2500 2616 college-

1069 2653 1147 2698 rat
1168 2670 1183 2699 ‚
1234 2649 1353 2692 ante
1383 2649 1510 2690 eum
1550 2631 1828 2706 descriptas
1849 2668 1864 2694 ‚
1916 2647 2026 2687 non
2060 2631 2191 2688 vitra
2226 2630 2309 2685 sex
2341 2631 2498 2688 millia

1069 2724 1243 2784 sistere
1293 2724 1481 2798 potuit.
1597 2722 1706 2795 Qi
1761 2721 1881 2794 post
1931 2737 2057 2776 eum
2114 2721 2360 2776 vixerunt
2397 2736 2497 2793 per

1072 2815 1452 2890 quinquaginta
1492 2812 1601 2868 fere
1632 2827 1797 2867 annos
1820 2845 1834 2873 ,
1885 2827 2045 2885 quarn
2080 2826 2268 2884 paucas
2305 2810 2499 2867 adiece-

1070 2902 1232 2962 runt!
1332 2903 1522 2958 Fateor
1573 2900 1860 2975 equidem,
1917 2901 2343 2974 peregrinatores
2387 2918 2497 2958 non

1067 3011 1238 3070 paruo
1272 2994 1477 3067 priores
1509 2989 1697 3048 auxisse
1727 3005 1982 3051 numero,
2026 2989 2138 3053 sed,
2180 2989 2214 3045 fi
2247 2992 2348 3046 iarn
2374 3006 2497 3046 con-

1069 3085 1280 3147 cedam,
1321 3083 1544 3139 totidem
1579 3079 1722 3137 forte
1754 3079 1819 3136 ab
1849 3080 1905 3134 iis
1940 3079 2095 3134 miliia
2130 3099 2160 3135 e
2190 3082 2498 3154 regionibus

1069 3177 1259 3233 exteris
1291 3172 1437 3231 fuisse
1470 3172 1676 3230 inueffia
1697 3206 1712 3235 ‚
1770 3170 1889 3226 licet
1925 3171 2103 3225 minor
2131 3170 2293 3245 longe
2329 3172 2496 3228 calcu.

1068 3265 1148 3322 lus
1183 3263 1373 3320 institui
1403 3260 1600 3336 poffet3
1649 3262 1786 3321 imo,
1831 3257 1868 3313 fi
1900 3258 2098 3332 largior
2127 3259 2364 3335 insuper,
2414 3261 2493 3319 his

1069 3352 1210 3414 mine
1230 3354 1364 3414 vltra
1388 3352 1586 3427 plantas
1615 3367 1643 3406 a
1663 3348 1869 3422 Caspari
1895 3348 2108 3407 Bauhini
2133 3367 2378 3427 tempore
2402 3350 2493 3407 de-¹

2319 3446 2495 3516 inceps
