1881 3137
359 194 430 251 34
840 155 1338 231 PRoLoova'

357 301 454 356 erit
475 335 489 360 ‚
538 299 630 373 qui
660 315 770 354 non
803 313 920 353 eam
962 293 1264 350 iudicauerit
1296 307 1509 369 mecum
1542 292 1779 366 inprimis

360 388 577 446 Medico
611 386 940 443 neceffariam
959 421 974 447 ,
1014 387 1213 440 vtinam
1247 381 1380 437 hanc
1411 379 1501 435 fibi
1536 396 1779 438 notarent

359 476 569 553 phrasin
600 477 948 533 saluberrimae
977 475 1095 528 artis
1131 469 1354 529 Studiofi
1387 468 1599 528 omnes!

475 581 590 638 Cur
631 580 869 652 Systema
910 577 1112 650 Royeni
1165 572 1527 650 praetulerim,
1589 572 1783 647 aliquas

361 671 463 725 iam
491 668 709 742 aliegaui
741 668 992 726 rationes,
1034 663 1171 720 addo
1201 678 1378 717 autem
1410 659 1549 715 alias:
1591 662 1653 718 ad
1675 664 1785 720 eius

361 774 609 813 normam
644 756 851 812 Hortus
894 753 1071 809 noster
1110 751 1433 806 academicus
1465 749 1525 804 T
1527 750 1786 825 ubingen-

362 846 424 904 fis
465 864 493 902 a
534 846 587 902 Β.
633 842 970 901 Anteceffore
1019 842 1201 897 Fratre
1248 839 1517 895 ordinatus
1560 839 1666 902 est,
1727 855 1786 896 vt

360 936 601 1011 adeoque
636 935 743 990 hoc
782 935 1027 990 omnium
1064 928 1486 988 commodiffime
1525 931 1599 983 vti
1631 928 1783 985 nobis

359 1042 501 1083 certe
530 1024 714 1086 liceat,
763 1022 954 1078 deinde
995 1039 1126 1078 vero
1161 1039 1190 1075 e
1231 1018 1549 1076 naturalibus
1581 1018 1782 1093 Royeni

359 1114 646 1173 methodus
672 1112 772 1176 est,
812 1127 871 1168 vt
899 1109 1220 1173 solidiffima‚
1259 1112 1327 1167 ita
1361 1112 1423 1168 ὃς
1458 1108 1783 1173 breuiflima,

362 1208 445 1263 cui
469 1221 602 1263 vero
624 1200 931 1265 Profeffori‚
968 1202 1059 1276 qui
1087 1203 1308 1276 cogitat,
1350 1216 1512 1274 quam
1545 1200 1647 1255 cito
1669 1210 1785 1254 ruat

355 1296 645 1352 academica
679 1293 809 1347 hora
833 1327 848 1355 ,
897 1293 1176 1347 innumera
1213 1291 1466 1346 continuo
1501 1290 1653 1363 pensa
1687 1305 1783 1344 nu-

360 1400 597 1446 metans,
637 1399 746 1438 non
780 1399 920 1437 curae
950 1380 1204 1454 cordique
1235 1379 1317 1442 sit,
1357 1378 1655 1435 breuissima
1689 1378 1783 1435 du-

360 1492 482 1530 cere
524 1473 643 1529 suos
677 1473 962 1528 Auditores
1003 1473 1118 1533 via,
1175 1487 1279 1542 qua
1320 1471 1424 1526 itur
1467 1469 1530 1524 ad
1563 1468 1784 1543 scopum

355 1560 671 1638 praefixum?

468 1668 738 1740 Praecipue
767 1679 944 1720 autem
979 1679 1200 1737 operam
1234 1661 1441 1717 nauabo
1463 1695 1478 1723 ,
1537 1676 1596 1717 vt
1630 1658 1783 1732 claffiJs

356 1755 607 1814 AuRoris
641 1760 704 1815 &
736 1755 948 1818 ordines,
991 1770 1249 1828 quantum
1282 1750 1393 1805 fieri
1414 1747 1599 1825 'potest
1618 1787 1632 1814 ‚
1674 1751 1785 1808 illu-

357 1847 546 1908 strem,
597 1842 1004 1916 facillimamque
1033 1841 1254 1897 reddam
1287 1841 1562 1916 Vtriusque
1593 1839 1785 1897 summi

354 1936 513 1992 huius
558 1935 765 2009 generis
796 1930 1194 2005 impreffionem
1217 1966 1233 1993 ,
1297 1949 1419 1986 nam
1443 1967 1460 1994 ‚
1511 1944 1629 2004 quae
1661 1948 1784 2005 pro-

355 2022 470 2099 prie
508 2023 575 2080 fic
604 2023 739 2079 dieta
770 2022 911 2078 idem
943 2037 1140 2094 genera
1168 2019 1327 2075 habet
1346 2055 1361 2083 ‚
1402 2037 1640 2094 quasque
1672 2020 1704 2074 s
1735 2040 1785 2076 e·

354 2111 456 2168 cies
488 2113 726 2166 nominat
750 2143 766 2171 ,
821 2105 1052 2173 fatetur,
1109 2109 1175 2164 ab
1215 2109 1317 2163 aliis
1364 2106 1462 2163 esse
1486 2143 1501 2170 ‚
1553 2113 1782 2167 maxime

353 2197 571 2272 quidem
613 2197 834 2253 Linnaeo
857 2232 874 2260 ‚
923 2199 1016 2273 qui
1049 2195 1146 2254 suis
1180 2199 1232 2252 in
1264 2196 1548 2271 generibus
1580 2201 1641 2257 ὃ(
1673 2196 1781 2272 spe-

352 2287 528 2344 ciebus
567 2285 870 2362 plantarum
914 2288 1114 2345 multos
1153 2291 1256 2344 iam
1291 2302 1410 2342 ante
1440 2303 1603 2344 annos
1636 2289 1780 2344 editis

356 2377 699 2452 planissimam
734 2380 1010 2453 Vtriusque
1058 2377 1211 2435 huius
1244 2374 1511 2431 inferioris>
1541 2378 1775 2452 generis,

356 2469 485 2542 quin
510 2471 571 2529 δ(
595 2469 904 2524 varietatum
927 2471 1286 2542 cognitionem
1315 2466 1552 2524 reddidit.
1631 2467 1774 2543 Qid

354 2555 504 2632 quod
548 2554 601 2610 in
642 2555 999 2631 systematibus
1044 2558 1291 2614 botanicis
1323 2572 1430 2612 tam
1464 2556 1776 2634 condendi3‚

351 2662 516 2720 quam
546 2642 856 2706 addiscendis
880 2645 1113 2704 claffium
1137 2651 1196 2708 &
1226 2646 1478 2706 ordinum
1511 2646 1665 2705 solida
1702 2649 1776 2703 vti

1651 2753 1775 2793 con-
