1881 3137
541 141 1017 203 PROLOGVS
1295 123 1298 130 '
1422 165 1491 223 33

71 267 269 322 mentis
291 269 360 335 δε,
375 264 672 338 principiis,
708 283 819 340 quo
839 265 997 340 poffit
1019 265 1071 319 in
1093 262 1278 338 plenos
1297 268 1489 327 exstrui

71 364 344 420 Tironum
379 362 645 418 Botanices
678 362 810 418 vsus.
899 360 1062 417 Hunc
1094 361 1224 432 petit
1268 362 1490 432 praesens

70 471 220 509 meus
240 451 390 508 labor
409 450 625 524 scopum
639 485 655 513 ,
677 449 856 525 quoad
869 449 1102 523 Systema
1124 448 1323 520 Royeni
1345 448 1487 506 bota..

65 542 261 596 nicum.
319 539 452 594 Non
476 539 558 594 ille
581 539 799 613 quidem
823 537 1084 594 tritissimis
1104 552 1325 610 operam
1345 537 1488 595 dabit

73 627 380 686 euoluendis
404 627 492 682 Rei
524 626 780 682 herbariae
814 625 1077 700 principiis
1108 629 1169 683 &
1192 624 1489 692 elementiS,

68 734 308 794 quorum
340 730 528 790 vtpote
562 716 701 772 haud
739 731 901 789 pauca
923 712 1138 768 illustrat
1159 711 1490 788 frequentior

67 807 380 881 applicatio,
442 809 504 865 &
550 803 702 866 vsus,
759 802 862 877 ipsa
900 802 996 858 sub
1045 803 1491 863 demonstratione

68 897 391 972 plantarum,
434 901 495 955 δε
529 910 798 958 anatome,
835 911 997 970 quam
1026 893 1275 951 lefflones
1305 897 1491 954 aestiuae

70 986 294 1062 publicae
336 986 421 1042 vel
452 1002 645 1060 parum
680 985 962 1041 attendenti
1006 984 1162 1042 talem
1204 987 1490 1053 inculcant,

66 1079 132 1136 &
163 1088 445 1147 promunt,
487 1088 545 1130 vt
580 1091 643 1128 ex
671 1091 727 1128 ea
759 1072 899 1129 haud
921 1071 978 1127 fit
1002 1070 1236 1135 difficile,
1272 1090 1372 1147 per
1400 1093 1489 1132 au-

68 1163 289 1237 topfiam
320 1164 530 1220 haurire
563 1165 771 1237 potiora
804 1163 1038 1219 Scientiae
1068 1162 1223 1219 huius
1258 1162 1488 1223 elemen-

64 1266 141 1322 ta3
163 1251 652 1310 commendauerim
675 1267 850 1308 tamen
870 1250 1081 1324 insuper
1101 1268 1226 1308 eum
1248 1253 1301 1308 in
1321 1250 1485 1312 finem

66 1355 261 1396 attente
282 1339 604 1416 perlegenda
620 1341 826 1400 Linnaei
842 1341 1203 1398 Fundamenta
1223 1341 1486 1413 botanica,

64 1428 452 1500 Philosophiam
484 1434 546 1489 &
578 1430 827 1486 Criticam
877 1428 1113 1486 eiusdem
1164 1429 1488 1499 botanicam,

67 1517 332 1591 Ludwigii
365 1517 713 1575 Institutiones
743 1517 1288 1591 Historico-Phyficas
1319 1522 1486 1596 Regni

64 1604 380 1684 vegetabilis
398 1640 416 1670 ,
468 1605 791 1664 Dexterrimi
834 1603 1103 1665 Sehaefferi
1145 1606 1398 1684 Isagogen
1430 1614 1485 1671 in

66 1694 362 1753 Botanicam
382 1694 782 1768 expeditiorem.
819 1694 1182 1771 Occupabitur
1199 1713 1317 1755 mea
1337 1701 1486 1775 opel-

64 1783 113 1842 la
143 1785 374 1842 maxime
412 1785 546 1842 circa
575 1785 657 1842 illa
694 1785 1021 1850 secundaria,
1060 1786 1184 1845 scit-u
1212 1791 1485 1852 necesiaria

66 1875 319 1950 principia
339 1909 355 1937 ,
405 1892 524 1950 quae
558 1878 826 1949 pertinent
857 1876 923 1933 ad
954 1875 1124 1949 ipsum
1148 1878 1252 1936 hoc
1284 1881 1488 1957 Royeni

67 1963 332 2036 Systema‚
372 1965 519 2026 &ita
553 1965 833 2023 dilucidare
863 1966 992 2023 illud
1019 1982 1121 2041 per
1140 1986 1328 2026 omnes
1345 1972 1485 2031 ideas

70 2051 306 2126 partiales
329 2052 569 2126 possunt,
607 2069 665 2113 vt
694 2055 893 2132 vbique
922 2056 1124 2115 clarum
1158 2057 1294 2122 iatis,
1331 2061 1485 2120 inser-

70 2142 176 2198 uiat
208 2141 413 2215 plenius
451 2141 751 2200 hauriendae
783 2163 880 2219 per
916 2147 1077 2204 vitam
1104 2148 1483 2221 academicam,

66 2235 131 2292 &
162 2232 526 2306 imprimendae
556 2232 811 2291 Botanicae
848 2253 906 2293 ea
947 2235 1200 2301 efficacia,
1236 2257 1345 2314 qua
1374 2260 1485 2302 ma-

68 2334 187 2377 neat
206 2319 327 2376 inde
347 2320 480 2377 vltra
503 2321 648 2379 hunc
667 2325 785 2381 vitae
807 2327 1096 2384 terminum
1117 2331 1450 2402 promtitudo
1461 2370 1479 2400 ,

68 2423 409 2482 quascunque
440 2408 638 2487 plantas
672 2412 855 2470 obuias
887 2431 916 2470 e
949 2412 1090 2471 libris
1116 2430 1263 2472 certe
1283 2418 1482 2477 inueni-

69 2494 214 2560 endi,
253 2498 607 2564 examinandi,
639 2499 976 2565 diiudicandi,
1015 2520 1177 2577 quam
1199 2502 1480 2567 vt-facilem

69 2581 162 2640 fibi
179 2583 245 2641 fic
266 2589 537 2660 acquirere
557 2591 782 2666 quisque
802 2593 999 2665 potest,
1020 2594 1087 2650 ita
1107 2609 1301 2661 nemo,
1322 2611 1478 2669 pum,

793 2693 843 2751 E
1351 2697 1478 2762 erit,
