<?xml version="1.0" encoding="UTF-8"?>
<!DOCTYPE html PUBLIC "-//W3C//DTD XHTML 1.0 Transitional//EN"
    "http://www.w3.org/TR/xhtml1/DTD/xhtml1-transitional.dtd">
<html xmlns="http://www.w3.org/1999/xhtml" xml:lang="en" lang="en">
 <head>
  <title>
</title>
<meta http-equiv="Content-Type" content="text/html;charset=utf-8" />
  <meta name='ocr-system' content='tesseract 3.04.00' />
  <meta name='ocr-capabilities' content='ocr_page ocr_carea ocr_par ocr_line ocrx_word'/>
</head>
<body>
  <div class='ocr_page' id='page_1' title='image "./philfridgmelinot00gmel_0035.png"; bbox 0 0 1881 3137; ppageno 0'>
   <div class='ocr_carea' id='block_1_1' title="bbox 562 153 1523 216">
    <p class='ocr_par' dir='ltr' id='par_1_1' title="bbox 562 153 1523 216">
     <span class='ocr_line' id='line_1_1' title="bbox 562 153 1523 216; baseline -0.003 0"><span class='ocrx_word' id='word_1_1' title='bbox 562 153 1036 216; x_wconf 73' lang='lat' dir='ltr'><strong>PROLOGVS.</strong></span> <span class='ocrx_word' id='word_1_2' title='bbox 1456 169 1523 213; x_wconf 84' lang='lat'>21</span> 
     </span>
    </p>
   </div>
   <div class='ocr_carea' id='block_1_2' title="bbox 74 272 1523 2770">
    <p class='ocr_par' dir='ltr' id='par_1_2' title="bbox 74 272 1523 2675">
     <span class='ocr_line' id='line_1_2' title="bbox 106 272 1523 358; baseline -0.009 -17"><span class='ocrx_word' id='word_1_3' title='bbox 106 296 229 358; x_wconf 84' lang='lat' dir='ltr'>ceps</span> <span class='ocrx_word' id='word_1_4' title='bbox 259 280 311 337; x_wconf 89' lang='lat' dir='ltr'>in</span> <span class='ocrx_word' id='word_1_5' title='bbox 330 279 547 353; x_wconf 81' lang='lat' dir='ltr'>Europa</span> <span class='ocrx_word' id='word_1_6' title='bbox 578 278 807 336; x_wconf 65' lang='lat' dir='ltr'>detestas</span> <span class='ocrx_word' id='word_1_7' title='bbox 836 277 958 342; x_wconf 78' lang='lat' dir='ltr'>effe,</span> <span class='ocrx_word' id='word_1_8' title='bbox 999 274 1165 336; x_wconf 87' lang='lat' dir='ltr'>vnde,</span> <span class='ocrx_word' id='word_1_9' title='bbox 1208 272 1407 348; x_wconf 71' lang='lat' dir='ltr'>quaefo,</span> <span class='ocrx_word' id='word_1_10' title='bbox 1449 275 1523 330; x_wconf 88' lang='lat' dir='ltr'>vi-</span> 
     </span>
     <span class='ocr_line' id='line_1_3' title="bbox 104 365 1519 450; baseline -0.007 -20"><span class='ocrx_word' id='word_1_11' title='bbox 104 374 234 450; x_wconf 86' lang='lat' dir='ltr'>ginti</span> <span class='ocrx_word' id='word_1_12' title='bbox 267 386 372 427; x_wconf 90' lang='lat' dir='ltr'>tam</span> <span class='ocrx_word' id='word_1_13' title='bbox 405 369 571 427; x_wconf 89' lang='lat' dir='ltr'>breue</span> <span class='ocrx_word' id='word_1_14' title='bbox 602 372 737 427; x_wconf 88' lang='lat' dir='ltr'>intra</span> <span class='ocrx_word' id='word_1_15' title='bbox 772 372 1026 444; x_wconf 87' lang='lat' dir='ltr'>temporis</span> <span class='ocrx_word' id='word_1_16' title='bbox 1058 366 1326 441; x_wconf 64' lang='lat' dir='ltr'>spatium?</span> <span class='ocrx_word' id='word_1_17' title='bbox 1378 365 1519 422; x_wconf 87' lang='lat' dir='ltr'>vnde</span> 
     </span>
     <span class='ocr_line' id='line_1_4' title="bbox 102 456 1520 536; baseline -0.006 -16"><span class='ocrx_word' id='word_1_18' title='bbox 102 464 309 536; x_wconf 87' lang='lat' dir='ltr'>triginta</span> <span class='ocrx_word' id='word_1_19' title='bbox 343 460 499 517; x_wconf 81' lang='lat' dir='ltr'>miliia</span> <span class='ocrx_word' id='word_1_20' title='bbox 543 460 872 535; x_wconf 83' lang='lat' dir='ltr'>plantarum,</span> <span class='ocrx_word' id='word_1_21' title='bbox 924 479 1042 536; x_wconf 79' lang='lat' dir='ltr'>quae</span> <span class='ocrx_word' id='word_1_22' title='bbox 1080 456 1397 514; x_wconf 75' lang='lat' dir='ltr'>liberaliores</span> <span class='ocrx_word' id='word_1_23' title='bbox 1427 474 1520 513; x_wconf 88' lang='lat' dir='ltr'>nu-</span> 
     </span>
     <span class='ocr_line' id='line_1_5' title="bbox 99 543 1519 612; baseline -0.008 -3"><span class='ocrx_word' id='word_1_24' title='bbox 99 564 306 609; x_wconf 82' lang='lat' dir='ltr'><strong>merant</strong></span> <span class='ocrx_word' id='word_1_25' title='bbox 336 547 604 606; x_wconf 74' lang='lat' dir='ltr'>Botanici?</span> <span class='ocrx_word' id='word_1_26' title='bbox 678 545 925 604; x_wconf 57' lang='lat' dir='ltr'>Profecto</span> <span class='ocrx_word' id='word_1_27' title='bbox 950 590 964 612; x_wconf 89' lang='lat'>,</span> <span class='ocrx_word' id='word_1_28' title='bbox 1013 546 1126 602; x_wconf 81' lang='lat' dir='ltr'>haec</span> <span class='ocrx_word' id='word_1_29' title='bbox 1164 544 1404 601; x_wconf 84' lang='lat' dir='ltr'>nostrum</span> <span class='ocrx_word' id='word_1_30' title='bbox 1442 543 1519 598; x_wconf 84' lang='lat' dir='ltr'>su-</span> 
     </span>
     <span class='ocr_line' id='line_1_6' title="bbox 100 633 1522 715; baseline -0.007 -18"><span class='ocrx_word' id='word_1_31' title='bbox 100 655 287 714; x_wconf 87' lang='lat' dir='ltr'>perant</span> <span class='ocrx_word' id='word_1_32' title='bbox 319 653 558 715; x_wconf 83' lang='lat' dir='ltr'>captum,</span> <span class='ocrx_word' id='word_1_33' title='bbox 599 638 688 694; x_wconf 86' lang='lat' dir='ltr'>nifi</span> <span class='ocrx_word' id='word_1_34' title='bbox 721 652 915 712; x_wconf 70' lang='lat' dir='ltr'>praeter</span> <span class='ocrx_word' id='word_1_35' title='bbox 951 652 1192 693; x_wconf 90' lang='lat' dir='ltr'>naturam</span> <span class='ocrx_word' id='word_1_36' title='bbox 1225 639 1285 695; x_wconf 84' lang='lat'>&amp;</span> <span class='ocrx_word' id='word_1_37' title='bbox 1313 633 1522 690; x_wconf 82' lang='lat' dir='ltr'>neceffi-</span> 
     </span>
     <span class='ocr_line' id='line_1_7' title="bbox 97 724 1521 803; baseline -0.006 -16"><span class='ocrx_word' id='word_1_38' title='bbox 97 744 258 787; x_wconf 86' lang='lat' dir='ltr'>tatem</span> <span class='ocrx_word' id='word_1_39' title='bbox 309 729 499 803; x_wconf 85' lang='lat' dir='ltr'>species</span> <span class='ocrx_word' id='word_1_40' title='bbox 543 729 1005 803; x_wconf 81' lang='lat' dir='ltr'>multiplicauerint</span> <span class='ocrx_word' id='word_1_41' title='bbox 1023 763 1039 791; x_wconf 85' lang='lat'>,</span> <span class='ocrx_word' id='word_1_42' title='bbox 1105 726 1333 782; x_wconf 87' lang='lat' dir='ltr'>limitum</span> <span class='ocrx_word' id='word_1_43' title='bbox 1357 759 1372 787; x_wconf 84' lang='lat'>,</span> <span class='ocrx_word' id='word_1_44' title='bbox 1428 724 1521 798; x_wconf 83' lang='lat' dir='ltr'>qui</span> 
     </span>
     <span class='ocr_line' id='line_1_8' title="bbox 96 816 1516 893; baseline -0.005 -19"><span class='ocrx_word' id='word_1_45' title='bbox 96 819 284 893; x_wconf 86' lang='lat' dir='ltr'>species</span> <span class='ocrx_word' id='word_1_46' title='bbox 324 821 458 874; x_wconf 84' lang='lat' dir='ltr'>inter</span> <span class='ocrx_word' id='word_1_47' title='bbox 493 823 554 878; x_wconf 84' lang='lat'>&amp;</span> <span class='ocrx_word' id='word_1_48' title='bbox 594 821 863 875; x_wconf 86' lang='lat' dir='ltr'>varietates</span> <span class='ocrx_word' id='word_1_49' title='bbox 909 816 1276 877; x_wconf 84' lang='lat' dir='ltr'>intercedunt,</span> <span class='ocrx_word' id='word_1_50' title='bbox 1321 816 1516 888; x_wconf 85' lang='lat' dir='ltr'>ignari,</span> 
     </span>
     <span class='ocr_line' id='line_1_9' title="bbox 95 904 1515 976; baseline -0.004 -12"><span class='ocrx_word' id='word_1_51' title='bbox 95 925 219 964; x_wconf 84' lang='lat' dir='ltr'>nam</span> <span class='ocrx_word' id='word_1_52' title='bbox 242 951 257 976; x_wconf 91' lang='lat'>,</span> <span class='ocrx_word' id='word_1_53' title='bbox 318 910 391 965; x_wconf 90' lang='lat' dir='ltr'>vti</span> <span class='ocrx_word' id='word_1_54' title='bbox 425 907 496 963; x_wconf 92' lang='lat' dir='ltr'>ob</span> <span class='ocrx_word' id='word_1_55' title='bbox 526 909 800 965; x_wconf 84' lang='lat' dir='ltr'>minimam</span> <span class='ocrx_word' id='word_1_56' title='bbox 841 923 1023 965; x_wconf 88' lang='lat' dir='ltr'>notam</span> <span class='ocrx_word' id='word_1_57' title='bbox 1068 904 1402 962; x_wconf 80' lang='lat' dir='ltr'>differentem</span> <span class='ocrx_word' id='word_1_58' title='bbox 1438 918 1515 959; x_wconf 88' lang='lat' dir='ltr'>tot</span> 
     </span>
     <span class='ocr_line' id='line_1_10' title="bbox 94 995 1517 1071; baseline -0.003 -18"><span class='ocrx_word' id='word_1_59' title='bbox 94 995 211 1053; x_wconf 88' lang='lat' dir='ltr'>falsa</span> <span class='ocrx_word' id='word_1_60' title='bbox 236 999 382 1070; x_wconf 88' lang='lat' dir='ltr'>prius</span> <span class='ocrx_word' id='word_1_61' title='bbox 412 1015 609 1071; x_wconf 85' lang='lat' dir='ltr'>genera</span> <span class='ocrx_word' id='word_1_62' title='bbox 633 999 1001 1061; x_wconf 79' lang='lat' dir='ltr'>condiderant,</span> <span class='ocrx_word' id='word_1_63' title='bbox 1037 1000 1105 1053; x_wconf 91' lang='lat' dir='ltr'>ita</span> <span class='ocrx_word' id='word_1_64' title='bbox 1136 996 1209 1052; x_wconf 90' lang='lat' dir='ltr'>ob</span> <span class='ocrx_word' id='word_1_65' title='bbox 1241 996 1517 1052; x_wconf 78' lang='lat' dir='ltr'>minimam</span> 
     </span>
     <span class='ocr_line' id='line_1_11' title="bbox 94 1084 1513 1159; baseline -0.001 -16"><span class='ocrx_word' id='word_1_66' title='bbox 94 1085 400 1151; x_wconf 79' lang='lat' dir='ltr'>hirsutiem,</span> <span class='ocrx_word' id='word_1_67' title='bbox 441 1086 708 1148; x_wconf 81' lang='lat' dir='ltr'>colorem,</span> <span class='ocrx_word' id='word_1_68' title='bbox 760 1086 1014 1151; x_wconf 88' lang='lat' dir='ltr'>odorem,</span> <span class='ocrx_word' id='word_1_69' title='bbox 1063 1084 1513 1159; x_wconf 67' lang='lat' dir='ltr'>magnitudinem,</span> 
     </span>
     <span class='ocr_line' id='line_1_12' title="bbox 94 1166 1517 1247; baseline -0.008 -11"><span class='ocrx_word' id='word_1_70' title='bbox 94 1197 163 1238; x_wconf 82' lang='lat' dir='ltr'>ne</span> <span class='ocrx_word' id='word_1_71' title='bbox 185 1179 383 1238; x_wconf 86' lang='lat' dir='ltr'>dicam,</span> <span class='ocrx_word' id='word_1_72' title='bbox 416 1175 595 1231; x_wconf 91' lang='lat' dir='ltr'>locum</span> <span class='ocrx_word' id='word_1_73' title='bbox 622 1175 873 1238; x_wconf 89' lang='lat' dir='ltr'>natalem,</span> <span class='ocrx_word' id='word_1_74' title='bbox 915 1166 1222 1247; x_wconf 53' lang='lat' dir='ltr'>tot‘spurias</span> <span class='ocrx_word' id='word_1_75' title='bbox 1243 1172 1517 1245; x_wconf 74' lang='lat' dir='ltr'>deincep3‚</span> 
     </span>
     <span class='ocr_line' id='line_1_13' title="bbox 93 1262 1516 1336; baseline -0.007 -12"><span class='ocrx_word' id='word_1_76' title='bbox 93 1287 126 1324; x_wconf 88' lang='lat' dir='ltr'>e</span> <span class='ocrx_word' id='word_1_77' title='bbox 166 1267 324 1323; x_wconf 88' lang='lat' dir='ltr'>meris</span> <span class='ocrx_word' id='word_1_78' title='bbox 368 1264 673 1320; x_wconf 84' lang='lat' dir='ltr'>luxuriantis</span> <span class='ocrx_word' id='word_1_79' title='bbox 727 1279 926 1320; x_wconf 84' lang='lat' dir='ltr'>naturae</span> <span class='ocrx_word' id='word_1_80' title='bbox 978 1262 1174 1319; x_wconf 80' lang='lat' dir='ltr'>lufibus</span> <span class='ocrx_word' id='word_1_81' title='bbox 1230 1274 1516 1336; x_wconf 88' lang='lat' dir='ltr'>prognatas</span> 
     </span>
     <span class='ocr_line' id='line_1_14' title="bbox 88 1347 1513 1424; baseline -0.004 -18"><span class='ocrx_word' id='word_1_82' title='bbox 88 1349 472 1406; x_wconf 87' lang='lat' dir='ltr'>constituerunt</span> <span class='ocrx_word' id='word_1_83' title='bbox 501 1348 691 1422; x_wconf 77' lang='lat' dir='ltr'>species</span> <span class='ocrx_word' id='word_1_84' title='bbox 709 1383 725 1411; x_wconf 89' lang='lat'><em>,</em></span> <span class='ocrx_word' id='word_1_85' title='bbox 774 1349 825 1406; x_wconf 90' lang='lat' dir='ltr'>id</span> <span class='ocrx_word' id='word_1_86' title='bbox 857 1348 1007 1424; x_wconf 86' lang='lat' dir='ltr'>quod</span> <span class='ocrx_word' id='word_1_87' title='bbox 1038 1366 1149 1405; x_wconf 91' lang='lat' dir='ltr'>non</span> <span class='ocrx_word' id='word_1_88' title='bbox 1184 1347 1391 1405; x_wconf 85' lang='lat' dir='ltr'>aliunde</span> <span class='ocrx_word' id='word_1_89' title='bbox 1429 1362 1513 1401; x_wconf 89' lang='lat' dir='ltr'>or-</span> 
     </span>
     <span class='ocr_line' id='line_1_15' title="bbox 89 1438 1511 1513; baseline -0.003 -17"><span class='ocrx_word' id='word_1_90' title='bbox 89 1455 207 1496; x_wconf 90' lang='lat' dir='ltr'>tum</span> <span class='ocrx_word' id='word_1_91' title='bbox 239 1438 340 1494; x_wconf 82' lang='lat' dir='ltr'>effe</span> <span class='ocrx_word' id='word_1_92' title='bbox 372 1438 638 1499; x_wconf 84' lang='lat' dir='ltr'>existimo,</span> <span class='ocrx_word' id='word_1_93' title='bbox 676 1438 768 1492; x_wconf 81' lang='lat' dir='ltr'>nisi</span> <span class='ocrx_word' id='word_1_94' title='bbox 798 1456 826 1494; x_wconf 90' lang='lat' dir='ltr'>a</span> <span class='ocrx_word' id='word_1_95' title='bbox 846 1439 1097 1512; x_wconf 54' lang='lat' dir='ltr'>neglectis</span> <span class='ocrx_word' id='word_1_96' title='bbox 1129 1442 1252 1513; x_wconf 87' lang='lat' dir='ltr'>puri</span> <span class='ocrx_word' id='word_1_97' title='bbox 1272 1438 1511 1511; x_wconf 83' lang='lat' dir='ltr'>systema-</span> 
     </span>
     <span class='ocr_line' id='line_1_16' title="bbox 89 1527 1512 1602; baseline -0.001 -19"><span class='ocrx_word' id='word_1_98' title='bbox 89 1533 151 1587; x_wconf 85' lang='lat' dir='ltr'>tis</span> <span class='ocrx_word' id='word_1_99' title='bbox 182 1528 445 1602; x_wconf 88' lang='lat' dir='ltr'>principiis</span> <span class='ocrx_word' id='word_1_100' title='bbox 465 1560 482 1589; x_wconf 83' lang='lat'><em>,</em></span> <span class='ocrx_word' id='word_1_101' title='bbox 548 1528 799 1599; x_wconf 88' lang='lat' dir='ltr'>turpique</span> <span class='ocrx_word' id='word_1_102' title='bbox 843 1527 1208 1586; x_wconf 63' lang='lat' dir='ltr'>characterum</span> <span class='ocrx_word' id='word_1_103' title='bbox 1242 1531 1295 1585; x_wconf 88' lang='lat' dir='ltr'>in</span> <span class='ocrx_word' id='word_1_104' title='bbox 1325 1528 1512 1601; x_wconf 85' lang='lat' dir='ltr'>specie-</span> 
     </span>
     <span class='ocr_line' id='line_1_17' title="bbox 89 1614 1510 1688; baseline 0.003 -16"><span class='ocrx_word' id='word_1_105' title='bbox 89 1616 211 1680; x_wconf 75' lang='lat' dir='ltr'>bu3‚</span> <span class='ocrx_word' id='word_1_106' title='bbox 253 1620 315 1676; x_wconf 69' lang='lat' dir='ltr'>Bc</span> <span class='ocrx_word' id='word_1_107' title='bbox 348 1614 681 1671; x_wconf 87' lang='lat' dir='ltr'>varietatibus</span> <span class='ocrx_word' id='word_1_108' title='bbox 708 1616 1016 1688; x_wconf 87' lang='lat' dir='ltr'>ignorantia.</span> <span class='ocrx_word' id='word_1_109' title='bbox 1107 1617 1304 1674; x_wconf 82' lang='lat' dir='ltr'>Nullus</span> <span class='ocrx_word' id='word_1_110' title='bbox 1341 1618 1510 1676; x_wconf 71' lang='lat' dir='ltr'>enim,</span> 
     </span>
     <span class='ocr_line' id='line_1_18' title="bbox 87 1703 1513 1769; baseline 0.002 -4"><span class='ocrx_word' id='word_1_111' title='bbox 87 1707 276 1769; x_wconf 89' lang='lat' dir='ltr'>credo,</span> <span class='ocrx_word' id='word_1_112' title='bbox 308 1703 612 1761; x_wconf 86' lang='lat' dir='ltr'>mortalium</span> <span class='ocrx_word' id='word_1_113' title='bbox 647 1718 754 1761; x_wconf 86' lang='lat' dir='ltr'>tam</span> <span class='ocrx_word' id='word_1_114' title='bbox 791 1705 943 1763; x_wconf 75' lang='lat' dir='ltr'>crassa</span> <span class='ocrx_word' id='word_1_115' title='bbox 966 1707 1215 1765; x_wconf 86' lang='lat' dir='ltr'>Minerua</span> <span class='ocrx_word' id='word_1_116' title='bbox 1238 1723 1387 1765; x_wconf 89' lang='lat' dir='ltr'>natus</span> <span class='ocrx_word' id='word_1_117' title='bbox 1409 1707 1513 1768; x_wconf 69' lang='lat' dir='ltr'>est,</span> 
     </span>
     <span class='ocr_line' id='line_1_19' title="bbox 85 1793 1509 1874; baseline 0 -22"><span class='ocrx_word' id='word_1_118' title='bbox 85 1798 179 1874; x_wconf 89' lang='lat' dir='ltr'>qui</span> <span class='ocrx_word' id='word_1_119' title='bbox 218 1797 271 1850; x_wconf 90' lang='lat' dir='ltr'>in</span> <span class='ocrx_word' id='word_1_120' title='bbox 311 1811 482 1869; x_wconf 85' lang='lat' dir='ltr'>regno</span> <span class='ocrx_word' id='word_1_121' title='bbox 515 1793 721 1850; x_wconf 89' lang='lat' dir='ltr'>animali</span> <span class='ocrx_word' id='word_1_122' title='bbox 750 1796 981 1852; x_wconf 89' lang='lat' dir='ltr'>rubrum</span> <span class='ocrx_word' id='word_1_123' title='bbox 1015 1816 1044 1853; x_wconf 89' lang='lat' dir='ltr'>a</span> <span class='ocrx_word' id='word_1_124' title='bbox 1077 1801 1344 1874; x_wconf 87' lang='lat' dir='ltr'>variegato</span> <span class='ocrx_word' id='word_1_125' title='bbox 1365 1832 1382 1861; x_wconf 85' lang='grc'>,</span> <span class='ocrx_word' id='word_1_126' title='bbox 1422 1795 1509 1854; x_wconf 91' lang='lat' dir='ltr'>vel</span> 
     </span>
     <span class='ocr_line' id='line_1_20' title="bbox 80 1882 1500 1963; baseline 0.001 -23"><span class='ocrx_word' id='word_1_127' title='bbox 80 1885 299 1959; x_wconf 89' lang='lat' dir='ltr'>nigrum</span> <span class='ocrx_word' id='word_1_128' title='bbox 338 1902 366 1940; x_wconf 91' lang='lat' dir='ltr'>a</span> <span class='ocrx_word' id='word_1_129' title='bbox 408 1883 552 1939; x_wconf 91' lang='lat' dir='ltr'>Boue</span> <span class='ocrx_word' id='word_1_130' title='bbox 591 1882 811 1940; x_wconf 86' lang='lat' dir='ltr'>candido</span> <span class='ocrx_word' id='word_1_131' title='bbox 834 1920 850 1948; x_wconf 83' lang='lat'><em>,</em></span> <span class='ocrx_word' id='word_1_132' title='bbox 908 1885 1074 1959; x_wconf 84' lang='lat' dir='ltr'>specie</span> <span class='ocrx_word' id='word_1_133' title='bbox 1125 1888 1500 1963; x_wconf 85' lang='lat' dir='ltr'>distingueret:</span> 
     </span>
     <span class='ocr_line' id='line_1_21' title="bbox 82 1972 1504 2051; baseline 0.004 -23"><span class='ocrx_word' id='word_1_134' title='bbox 82 1972 196 2032; x_wconf 85' lang='lat' dir='ltr'>haec</span> <span class='ocrx_word' id='word_1_135' title='bbox 227 1989 402 2031; x_wconf 87' lang='lat' dir='ltr'>tamen</span> <span class='ocrx_word' id='word_1_136' title='bbox 423 2009 440 2038; x_wconf 84' lang='lat'>‚</span> <span class='ocrx_word' id='word_1_137' title='bbox 479 1992 547 2031; x_wconf 88' lang='lat' dir='ltr'>ne</span> <span class='ocrx_word' id='word_1_138' title='bbox 578 1991 677 2048; x_wconf 86' lang='lat' dir='ltr'>per</span> <span class='ocrx_word' id='word_1_139' title='bbox 710 1974 908 2051; x_wconf 84' lang='lat' dir='ltr'>fingula</span> <span class='ocrx_word' id='word_1_140' title='bbox 938 1977 1116 2035; x_wconf 87' lang='lat' dir='ltr'>eundo</span> <span class='ocrx_word' id='word_1_141' title='bbox 1151 1981 1303 2036; x_wconf 85' lang='lat' dir='ltr'>nimis</span> <span class='ocrx_word' id='word_1_142' title='bbox 1339 1978 1504 2035; x_wconf 84' lang='lat' dir='ltr'>durus</span> 
     </span>
     <span class='ocr_line' id='line_1_22' title="bbox 83 2060 1498 2143; baseline 0.008 -28"><span class='ocrx_word' id='word_1_143' title='bbox 83 2060 186 2116; x_wconf 83' lang='lat' dir='ltr'>effe</span> <span class='ocrx_word' id='word_1_144' title='bbox 212 2061 388 2118; x_wconf 88' lang='lat' dir='ltr'>videar</span> <span class='ocrx_word' id='word_1_145' title='bbox 420 2065 472 2117; x_wconf 92' lang='lat' dir='ltr'>in</span> <span class='ocrx_word' id='word_1_146' title='bbox 503 2063 842 2127; x_wconf 81' lang='lat' dir='ltr'>dulcisfimas,</span> <span class='ocrx_word' id='word_1_147' title='bbox 882 2083 1001 2140; x_wconf 85' lang='lat' dir='ltr'>quae</span> <span class='ocrx_word' id='word_1_148' title='bbox 1027 2070 1168 2143; x_wconf 89' lang='lat' dir='ltr'>tangi</span> <span class='ocrx_word' id='word_1_149' title='bbox 1196 2082 1498 2127; x_wconf 69' lang='lat' dir='ltr'>merentur,</span> 
     </span>
     <span class='ocr_line' id='line_1_23' title="bbox 79 2152 1501 2231; baseline 0.003 -22"><span class='ocrx_word' id='word_1_150' title='bbox 79 2152 456 2209; x_wconf 89' lang='lat' dir='ltr'>Botanicorum</span> <span class='ocrx_word' id='word_1_151' title='bbox 491 2152 698 2208; x_wconf 86' lang='lat' dir='ltr'>amafias</span> <span class='ocrx_word' id='word_1_152' title='bbox 724 2195 740 2220; x_wconf 90' lang='lat'><strong><em>,</em></strong></span> <span class='ocrx_word' id='word_1_153' title='bbox 780 2154 924 2218; x_wconf 85' lang='lat' dir='ltr'>haec,</span> <span class='ocrx_word' id='word_1_154' title='bbox 964 2160 1212 2231; x_wconf 88' lang='lat' dir='ltr'>inquam,</span> <span class='ocrx_word' id='word_1_155' title='bbox 1256 2160 1501 2216; x_wconf 90' lang='lat' dir='ltr'>omnium</span> 
     </span>
     <span class='ocr_line' id='line_1_24' title="bbox 78 2240 1502 2325; baseline 0.004 -26"><span class='ocrx_word' id='word_1_156' title='bbox 78 2240 194 2299; x_wconf 82' lang='lat' dir='ltr'>fere</span> <span class='ocrx_word' id='word_1_157' title='bbox 234 2240 335 2300; x_wconf 89' lang='lat' dir='ltr'>fuit</span> <span class='ocrx_word' id='word_1_158' title='bbox 374 2242 579 2299; x_wconf 81' lang='lat' dir='ltr'>haerefis</span> <span class='ocrx_word' id='word_1_159' title='bbox 598 2278 614 2307; x_wconf 90' lang='lat'>‚</span> <span class='ocrx_word' id='word_1_160' title='bbox 670 2261 832 2319; x_wconf 87' lang='lat' dir='ltr'>quam</span> <span class='ocrx_word' id='word_1_161' title='bbox 865 2245 1005 2304; x_wconf 88' lang='lat' dir='ltr'>lente</span> <span class='ocrx_word' id='word_1_162' title='bbox 1028 2251 1358 2325; x_wconf 66' lang='lat' dir='ltr'>irrepentem</span> <span class='ocrx_word' id='word_1_163' title='bbox 1392 2266 1502 2306; x_wconf 88' lang='lat' dir='ltr'>non</span> 
     </span>
     <span class='ocr_line' id='line_1_25' title="bbox 77 2333 1501 2416; baseline 0.006 -29"><span class='ocrx_word' id='word_1_164' title='bbox 77 2335 227 2408; x_wconf 64' lang='lat' dir='ltr'>prius</span> <span class='ocrx_word' id='word_1_165' title='bbox 256 2333 766 2396; x_wconf 80' lang='lat' dir='ltr'>animaduerterunt,</span> <span class='ocrx_word' id='word_1_166' title='bbox 808 2353 969 2410; x_wconf 89' lang='lat' dir='ltr'>quam</span> <span class='ocrx_word' id='word_1_167' title='bbox 1000 2353 1175 2399; x_wconf 88' lang='lat' dir='ltr'>totum</span> <span class='ocrx_word' id='word_1_168' title='bbox 1207 2344 1309 2399; x_wconf 89' lang='lat' dir='ltr'>iam</span> <span class='ocrx_word' id='word_1_169' title='bbox 1341 2359 1501 2416; x_wconf 85' lang='lat' dir='ltr'>vege-</span> 
     </span>
     <span class='ocr_line' id='line_1_26' title="bbox 75 2423 1499 2504; baseline 0.006 -25"><span class='ocrx_word' id='word_1_170' title='bbox 75 2423 230 2480; x_wconf 87' lang='lat' dir='ltr'>tabile</span> <span class='ocrx_word' id='word_1_171' title='bbox 251 2441 483 2500; x_wconf 89' lang='lat' dir='ltr'>regnum</span> <span class='ocrx_word' id='word_1_172' title='bbox 511 2425 871 2494; x_wconf 81' lang='lat' dir='ltr'>varietatibuS,</span> <span class='ocrx_word' id='word_1_173' title='bbox 912 2428 1204 2504; x_wconf 88' lang='lat' dir='ltr'>specierum</span> <span class='ocrx_word' id='word_1_174' title='bbox 1239 2424 1391 2490; x_wconf 84' lang='lat' dir='ltr'>titulo</span> <span class='ocrx_word' id='word_1_175' title='bbox 1425 2434 1499 2488; x_wconf 91' lang='lat' dir='ltr'>in-</span> 
     </span>
     <span class='ocr_line' id='line_1_27' title="bbox 78 2512 1501 2590; baseline 0.001 -24"><span class='ocrx_word' id='word_1_176' title='bbox 78 2512 333 2572; x_wconf 72' lang='lat' dir='ltr'>troduffis</span> <span class='ocrx_word' id='word_1_177' title='bbox 356 2549 371 2576; x_wconf 85' lang='lat'>‚</span> <span class='ocrx_word' id='word_1_178' title='bbox 424 2514 582 2572; x_wconf 87' lang='lat' dir='ltr'>fuerit</span> <span class='ocrx_word' id='word_1_179' title='bbox 612 2532 931 2590; x_wconf 84' lang='lat' dir='ltr'>occupatum</span> <span class='ocrx_word' id='word_1_180' title='bbox 954 2556 969 2583; x_wconf 91' lang='lat'><strong><em>,</em></strong></span> <span class='ocrx_word' id='word_1_181' title='bbox 1031 2527 1093 2584; x_wconf 69' lang='grc' dir='ltr'>ὃς</span> <span class='ocrx_word' id='word_1_182' title='bbox 1125 2522 1238 2580; x_wconf 79' lang='lat' dir='ltr'>fere</span> <span class='ocrx_word' id='word_1_183' title='bbox 1267 2523 1501 2580; x_wconf 74' lang='lat' dir='ltr'>submer.</span> 
     </span>
     <span class='ocr_line' id='line_1_28' title="bbox 74 2598 1501 2675; baseline 0.005 -18"><span class='ocrx_word' id='word_1_184' title='bbox 74 2598 205 2661; x_wconf 82' lang='lat' dir='ltr'>sum.</span> <span class='ocrx_word' id='word_1_185' title='bbox 289 2605 431 2662; x_wconf 81' lang='lat' dir='ltr'>Hinc</span> <span class='ocrx_word' id='word_1_186' title='bbox 459 2607 660 2664; x_wconf 72' lang='lat' dir='ltr'>mirum</span> <span class='ocrx_word' id='word_1_187' title='bbox 692 2623 804 2662; x_wconf 85' lang='lat' dir='ltr'>non</span> <span class='ocrx_word' id='word_1_188' title='bbox 837 2609 910 2664; x_wconf 84' lang='lat' dir='ltr'>est</span> <span class='ocrx_word' id='word_1_189' title='bbox 927 2645 945 2675; x_wconf 66' lang='lat'>2</span> <span class='ocrx_word' id='word_1_190' title='bbox 993 2612 1031 2670; x_wconf 85' lang='lat' dir='ltr'>fi</span> <span class='ocrx_word' id='word_1_191' title='bbox 1068 2615 1206 2674; x_wconf 80' lang='lat' dir='ltr'>vasta</span> <span class='ocrx_word' id='word_1_192' title='bbox 1235 2616 1501 2673; x_wconf 80' lang='lat' dir='ltr'>Botaniees</span> 
     </span>
    </p>

    <p class='ocr_par' dir='ltr' id='par_1_3' title="bbox 730 2696 1501 2770">
     <span class='ocr_line' id='line_1_29' title="bbox 730 2696 1501 2770; baseline 0.006 -16"><span class='ocrx_word' id='word_1_193' title='bbox 730 2696 778 2754; x_wconf 91' lang='lat' dir='ltr'>C</span> <span class='ocrx_word' id='word_1_194' title='bbox 819 2712 848 2770; x_wconf 84' lang='lat'>3</span> <span class='ocrx_word' id='word_1_195' title='bbox 1268 2704 1501 2768; x_wconf 85' lang='lat' dir='ltr'>scientia,</span> 
     </span>
    </p>
   </div>
  </div>
 </body>
</html>
