1881 3137
414 120 971 182 COMPOSITAE.
1234 139 1343 200 127

67 257 261 313 nyzam,
296 244 342 292 &
359 240 616 304 Bidentem,
653 259 859 306 quorum
881 244 1171 307 singulorum
1203 258 1344 307 gene-

67 329 195 375 ricos
229 327 517 375 charafiteres
558 327 775 375 inuenire
813 327 957 373 liceat
1005 325 1054 372 in
1089 327 1341 387 generibus

64 410 334 470 plantarum
365 406 567 455 Linnaei.

394 573 573 634 Claffis
610 573 703 632 VI.
780 572 911 631 Ord.
953 589 1009 645 4.

178 710 729 770 COMPOSITAE
804 708 1229 768 FLORIBVS

492 810 930 870 RADIATIS.

161 965 282 1012 Sunt
309 965 381 1012 hae
416 981 441 1013 a
467 967 639 1026 plantis
666 969 838 1029 prioris
871 969 1049 1016 ordinis
1077 968 1161 1014 vel
1184 966 1341 1026 primo
1368 976 1612 1032 Explicatio-

57 1044 237 1092 intuitu
266 1043 404 1090 facile
445 1045 787 1107 discernendae,
842 1042 1158 1110 corymbiferas
1195 1058 1340 1091 voca-
1369 1032 1620 1134 8¹21&va

59 1127 132 1171 uit
158 1125 460 1188 Antiquitas,
497 1129 678 1176 habent
705 1129 753 1175 in
779 1129 1076 1190 peripheria,
1115 1127 1160 1174 &
1187 1134 1345 1172 extre·
1359 1136 1619 1192 Compofitae

57 1222 135 1255 ma
163 1207 293 1255 floris
324 1223 507 1257 corona
552 1208 786 1257 diffinieras
818 1210 1023 1259 corollas
1058 1211 1250 1272 longas,
1296 1192 1538 1288 &gffiiils’us
1558 1204 1622 1234 η’·

56 1286 177 1348 saepe
224 1287 328 1335 satis
371 1290 513 1338 etiarn
547 1290 702 1351 latas,
759 1288 988 1338 femineas
1040 1288 1341 1348 constanter,
1488 1274 1498 1287 ’

58 1381 173 1428 quas
203 1370 287 1416 vel
314 1367 486 1417 Tironi
521 1370 777 1419 Botanices
808 1371 995 1419 difficile
1033 1368 1338 1416 haudfuerit

55 1447 340 1509 distinguere
372 1462 398 1493 a
427 1450 626 1496 floribus
660 1450 796 1509 disci,
845 1452 1039 1498 orbisue
1082 1451 1299 1496 centralis
1319 1483 1334 1507 ‚

59 1524 119 1571 ad
160 1539 303 1586 quem
346 1525 396 1572 hi
432 1525 718 1587 peripherici
754 1525 799 1573 se
839 1527 1055 1588 habent,
1122 1536 1181 1574 vt
1219 1529 1336 1577 radii

58 1603 200 1652 emiffi
245 1620 270 1651 e
311 1613 508 1665 centr0‚
573 1605 607 1652 s1
662 1604 853 1665 quidem
903 1619 1098 1653 omnem
1137 1609 1332 1667 orbem,

55 1683 295 1734 discumue
330 1683 519 1743 placeat
548 1681 773 1731 ass'umere
803 1698 894 1745 pro
925 1685 1104 1744 puntffw
1137 1689 1336 1734 centrali

47 1773 257 1830 maiore,
292 1768 404 1815 hinc
433 1780 612 1816 nomen
646 1767 713 1814 est
740 1764 971 1816 radiorum
984 1766 1145 1830 floris,
1178 1769 1223 1817 &
1249 1767 1334 1829 flo-

49 1863 154 1898 rum
179 1845 473 1897 radiatorum.
543 1845 790 1893 Habemus
812 1860 871 1892 ex
893 1846 989 1892 hoc
1013 1847 1180 1894 ordine
1202 1849 1331 1908 plan-

51 1937 124 1975 tas
147 1927 345 1987 multas,
385 1941 488 1986 quae
516 1939 618 1972 non
640 1925 791 1972 modo
815 1924 1149 1985 frequentibus
1175 1940 1331 1975 exem-

48 2008 138 2070 plis
178 2021 265 2069 per
302 2005 607 2054 Germaniam
650 2004 819 2067 sponte
862 2003 1112 2066 crescunt,
1169 2006 1249 2054 sed
1282 2007 1328 2055 δι

48 2092 204 2141 multo
236 2086 325 2135 vsu
350 2088 617 2136 medicinali
639 2089 872 2149 veniunt,
911 2090 1118 2150 aliasque
1155 2094 1325 2141 crebro

47 2177 96 2223 in
125 2172 278 2221 hortis
310 2171 474 2217 cultas.
567 2169 647 2217 vEx
680 2166 962 2227 officinalibus
992 2172 1144 2231 prima
1175 2166 1326 2221 nostri

48 2252 275 2301 Αυὲὶοτίε
321 2263 496 2311 genera
530 2249 657 2296 haud
691 2261 868 2309 paucas
908 2249 1091 2297 'habent
1120 2250 1322 2313 species,

48 2337 115 2384 ita
154 2333 223 2382 est
257 2344 404 2395 genus
451 2327 709 2396 tuffllaginis
724 2364 738 2388 ,
775 2327 1021 2392 petafitz'dis
1036 2367 1051 2390 ,
1101 2329 1324 2394 domnici,

38 2417 323 2484 fhlidaginis,
354 2413 609 2477 finecionis,
646 2410 882 2471 anthemis,
916 2414 1202 2472 matricuria,
1236 2415 1327 2467 bel.

48 2494 128 2554 lis,
172 2493 390 2551 achillam,
436 2493 566 2540 vnde
602 2488 877 2552 millefolium
907 2489 1205 2553 officinarum,
1249 2509 1325 2545 ca-

47 2572 221 2627 lendula
233 2589 249 2633 ‚-
284 2587 310 2618 e
324 2572 515 2632 reliquis
532 2573 762 2639 erigeron,
799 2568 937 2633 aster,
973 2569 1321 2638 buphthalmum,

53 2668 58 2672 ·
1205 2666 1321 2701 ana-
