1881 3137
493 171 858 231 PALMAE.
1247 176 1323 245 65

49 297 292 345 uenientia
310 308 473 382 ,θυῖε
503 295 551 341 in
583 295 777 355 reliquis
806 291 1184 342 fruffificationis
1219 311 1320 356 par-

51 378 178 425 tibus
219 375 388 424 frustra
425 373 580 421 forsan
620 377 877 435 quieritur,
926 376 973 421 in
1005 376 1171 435 calyce
1206 391 1320 436 prae-

54 456 171 504 senti
208 453 479 502 constanter
514 454 770 503 obtineat?
825 457 922 503 imo
963 457 1213 503 contendit
1247 455 1318 502 Cl.

53 534 266 583 AuStor:
313 548 480 582 omnes
508 535 690 595 plantas
725 535 989 584 Palmarum
1023 536 1158 583 claffe
1194 551 1321 585 com-

51 614 301 678 prehensas
333 623 513 662 tantam
544 616 668 662 inter
691 614 735 662 se
764 616 1037 663 affinitatem
1064 614 1320 675 exhibere,

53 703 277 756 quantam
302 696 349 743 in
383 694 469 741 alia
494 694 706 756 stirpium
739 695 914 744 familia
944 693 1029 738 vix
1063 695 1188 756 aliae,
1226 699 1317 757 ita,

53 785 112 823 vt
146 775 229 822 nisi
268 774 467 824 Naturae
508 775 637 821 illata
668 775 752 836 vi,
813 776 870 823 ad
912 774 1071 821 classes
1121 775 1322 825 diuersas

54 854 174 902 trahi
211 864 466 914 nequeant.
567 853 722 900 Audit
759 855 883 902 enim
905 892 920 915 ‚
976 864 1320 920 praeterquam,

54 933 186 993 quod
218 933 375 982 nescio
412 936 514 996 quis
556 936 604 982 in
642 935 858 998 singulari
897 935 1162 986 Palmarum
1200 940 1323 989 facie

55 1016 335 1081 consensus,
373 1019 419 1066 &
451 1017 774 1082 fimpliciffima
814 1019 1019 1082 partium
1055 1018 1326 1079 symmetria

55 1103 360 1163 obseruetur,
395 1102 631 1149 radicibus
657 1115 876 1160 quoque,
902 1100 1113 1147 caulibus
1129 1135 1144 1159 ⁷
1171 1100 1318 1162 foliis,

56 1185 101 1232 δε
130 1185 293 1233 mediis
338 1182 463 1244 quasi
503 1180 953 1229 fruffificationibus
985 1181 1081 1228 iilia
1113 1181 1237 1229 inter
1274 1182 1320 1228 &

50 1266 257 1327 gramina
287 1264 608 1323 conueniunt,
644 1265 816 1322 immo,
857 1263 987 1322 quod
1013 1263 1205 1310 maximi
1225 1263 1325 1311 for-.

52 1353 101 1390 te
133 1342 311 1390 facient
345 1343 454 1402 alii,
501 1340 658 1388 frufitu
696 1341 837 1388 etiam
860 1380 876 1402 ,
922 1353 1080 1401 eoque
1120 1344 1321 1404 vtpluri-

53 1436 184 1471 mum
219 1421 517 1484 triangulari,
553 1434 806 1469 numerum
833 1419 1120 1481 ternarium,
1158 1423 1191 1469 fi
1221 1437 1323 1472 non

56 1500 326 1562 exprimunt
364 1511 423 1544 ex
467 1496 555 1543 asse
577 1533 592 1557 ‚
639 1496 800 1543 saltem
835 1498 1015 1556 vbique
1059 1498 1159 1545 fere
1196 1501 1321 1547 adfe-

54 1580 192 1628 c'tant.
272 1579 350 1627 Sic
378 1577 483 1625 satis
516 1578 640 1625 clara
663 1578 730 1625 est
759 1577 952 1625 historia
976 1578 1116 1627 huius
1149 1579 1318 1645 claffi5‚

53 1659 266 1719 Vndique
290 1658 485 1705 munitae
515 1656 778 1705 necessariis
807 1656 1188 1705 excusationibus
1209 1673 1322 1706 con·

52 1748 128 1787 tra
157 1738 332 1799 dubia,
381 1752 484 1799 quae
518 1737 739 1786 aduersus
771 1735 904 1785 istam
940 1737 1096 1798 paffim
1122 1736 1324 1787 suboriri

52 1815 270 1878 possent,
305 1814 497 1864 firmant
532 1826 692 1864 autem
724 1831 779 1863 ea
805 1816 1101 1865 munimenta
1130 1820 1212 1880 ipsi
1248 1833 1324 1866 or-

54 1898 213 1959 dines,
247 1898 298 1945 in
333 1911 454 1958 quos
486 1896 584 1944 fiss'a
619 1897 710 1958 est,
748 1897 794 1943 &
831 1909 1006 1959 genera
1037 1896 1120 1945 sub
1158 1901 1212 1946 iis
1243 1913 1322 1948 oc-

57 1979 293 2031 currentia
311 2013 328 2039 ,
371 1986 548 2039 vtpote
590 1993 796 2039 quorum
840 1978 1130 2029 charafioeres
1170 1983 1320 2030 conti-

57 2070 156 2106 nuo
183 2055 342 2120 priora
368 2067 594 2121 repetunt
624 2057 801 2107 claffica
830 2056 969 2122 figna.

402 2223 582 2283 Claffis
619 2224 656 2281 Ι.
734 2226 884 2284 Ordo
926 2243 970 2285 1.

158 2389 422 2438 Paimarum
465 2389 610 2440 claffis
650 2389 740 2456 fi’x
793 2393 875 2442 sub
925 2392 971 2442 se
1014 2391 1161 2442 habet
1202 2393 1320 2447 ordi·
1352 2412 1597 2468 Explicatio

57 2487 132 2525 Μ’
141 2510 157 2536 a
192 2488 397 2549 qUQl‘Uffl
418 2475 596 2534 primus
611 2473 789 2540 palmas
809 2477 956 2524 habet
967 2475 1138 2538 ramosi>
1147 2476 1329 2544 spadice
1357 2466 1498 2562 glrfflffisl
1527 2465 1560 2509 Ῑ·

59 2554 330 2617 conspicuas
352 2591 368 2615 ,
410 2553 459 2601 in
493 2556 666 2615 quibus
698 2558 920 2606 nimirum
953 2559 1177 2608 columna
1203 2560 1331 2608 flori·
1356 2548 1586 2615 Paln'nae'ra-

57 2634 168 2685 fera
192 2634 256 2684 de⁴
275 2631 438 2696 spatha
459 2667 476 2696 ,
529 2633 632 2683 sive
668 2637 819 2687 calice
849 2637 1054 2702 vaginah·
1087 2651 1331 2700 emergens
1364 2625 1483 2667 moso
1502 2626 1604 2681 ΓΡᾶτ,

674 2713 700 2763 1
1147 2715 1329 2786 semper
1348 2678 1458 2762 eice.
