<?xml version="1.0" encoding="UTF-8"?>
<!DOCTYPE html PUBLIC "-//W3C//DTD XHTML 1.0 Transitional//EN"
    "http://www.w3.org/TR/xhtml1/DTD/xhtml1-transitional.dtd">
<html xmlns="http://www.w3.org/1999/xhtml" xml:lang="en" lang="en">
 <head>
  <title>
</title>
<meta http-equiv="Content-Type" content="text/html;charset=utf-8" />
  <meta name='ocr-system' content='tesseract 3.04.00' />
  <meta name='ocr-capabilities' content='ocr_page ocr_carea ocr_par ocr_line ocrx_word'/>
</head>
<body>
  <div class='ocr_page' id='page_1' title='image "./philfridgmelinot00gmel_0024.png"; bbox 0 0 1881 3137; ppageno 0'>
   <div class='ocr_carea' id='block_1_1' title="bbox 298 162 1241 224">
    <p class='ocr_par' dir='ltr' id='par_1_1' title="bbox 298 162 1241 224">
     <span class='ocr_line' id='line_1_1' title="bbox 298 162 1241 224; baseline 0 0"><span class='ocrx_word' id='word_1_1' title='bbox 298 182 365 224; x_wconf 86' lang='lat'>12</span> <span class='ocrx_word' id='word_1_2' title='bbox 775 162 1241 224; x_wconf 85' lang='lat' dir='ltr'><strong>PROLOGVS.</strong></span> 
     </span>
    </p>
   </div>
   <div class='ocr_carea' id='block_1_2' title="bbox 296 285 1722 449">
    <p class='ocr_par' dir='ltr' id='par_1_2' title="bbox 296 285 1722 449">
     <span class='ocr_line' id='line_1_2' title="bbox 296 285 1722 362; baseline 0.002 -18"><span class='ocrx_word' id='word_1_3' title='bbox 296 286 521 362; x_wconf 82' lang='lat' dir='ltr'>telligas,</span> <span class='ocrx_word' id='word_1_4' title='bbox 557 298 818 361; x_wconf 88' lang='lat' dir='ltr'>quantum</span> <span class='ocrx_word' id='word_1_5' title='bbox 841 286 908 342; x_wconf 84' lang='lat' dir='ltr'>ab</span> <span class='ocrx_word' id='word_1_6' title='bbox 931 285 1272 344; x_wconf 84' lang='lat' dir='ltr'>artificialibus</span> <span class='ocrx_word' id='word_1_7' title='bbox 1294 288 1568 353; x_wconf 84' lang='lat' dir='ltr'>recedant,</span> <span class='ocrx_word' id='word_1_8' title='bbox 1607 288 1722 348; x_wconf 84' lang='lat' dir='ltr'>illis-</span> 
     </span>
     <span class='ocr_line' id='line_1_3' title="bbox 297 372 1720 449; baseline 0.001 -19"><span class='ocrx_word' id='word_1_9' title='bbox 297 392 404 449; x_wconf 86' lang='lat' dir='ltr'>que</span> <span class='ocrx_word' id='word_1_10' title='bbox 433 374 665 448; x_wconf 87' lang='lat' dir='ltr'>palmam</span> <span class='ocrx_word' id='word_1_11' title='bbox 694 375 997 447; x_wconf 79' lang='lat' dir='ltr'>praeripiant</span> <span class='ocrx_word' id='word_1_12' title='bbox 1023 389 1122 447; x_wconf 90' lang='lat' dir='ltr'>per</span> <span class='ocrx_word' id='word_1_13' title='bbox 1152 372 1314 432; x_wconf 86' lang='lat' dir='ltr'>solam</span> <span class='ocrx_word' id='word_1_14' title='bbox 1338 375 1720 438; x_wconf 86' lang='lat' dir='ltr'>obedientiam,</span> 
     </span>
    </p>
   </div>
   <div class='ocr_carea' id='block_1_3' title="bbox 294 456 1721 625">
    <p class='ocr_par' dir='ltr' id='par_1_3' title="bbox 294 456 1721 625">
     <span class='ocr_line' id='line_1_4' title="bbox 294 456 878 537; baseline -0.003 -17"><span class='ocrx_word' id='word_1_15' title='bbox 294 463 515 520; x_wconf 84' lang='lat' dir='ltr'>Naturae</span> <span class='ocrx_word' id='word_1_16' title='bbox 560 456 878 537; x_wconf 65' lang='lat' dir='ltr'>praestitam!</span> 
     </span>
     <span class='ocr_line' id='line_1_5' title="bbox 401 547 1721 625; baseline -0.001 -17"><span class='ocrx_word' id='word_1_17' title='bbox 401 552 510 611; x_wconf 88' lang='lat' dir='ltr'>Iam</span> <span class='ocrx_word' id='word_1_18' title='bbox 550 569 719 614; x_wconf 88' lang='lat' dir='ltr'>vero,</span> <span class='ocrx_word' id='word_1_19' title='bbox 774 549 864 609; x_wconf 79' lang='lat' dir='ltr'>etsi</span> <span class='ocrx_word' id='word_1_20' title='bbox 899 566 1010 605; x_wconf 89' lang='lat' dir='ltr'>non</span> <span class='ocrx_word' id='word_1_21' title='bbox 1056 547 1244 605; x_wconf 87' lang='lat' dir='ltr'>inficias</span> <span class='ocrx_word' id='word_1_22' title='bbox 1281 566 1425 611; x_wconf 85' lang='lat' dir='ltr'>eam,</span> <span class='ocrx_word' id='word_1_23' title='bbox 1466 549 1536 606; x_wconf 89' lang='lat' dir='ltr'>sat</span> <span class='ocrx_word' id='word_1_24' title='bbox 1566 568 1721 625; x_wconf 85' lang='lat' dir='ltr'>gran-</span> 
     </span>
    </p>
   </div>
   <div class='ocr_carea' id='block_1_4' title="bbox 279 638 1722 2606">
    <p class='ocr_par' dir='ltr' id='par_1_4' title="bbox 283 638 1722 1884">
     <span class='ocr_line' id='line_1_6' title="bbox 293 638 1722 715; baseline -0.003 -15"><span class='ocrx_word' id='word_1_25' title='bbox 293 645 384 701; x_wconf 90' lang='lat' dir='ltr'>des</span> <span class='ocrx_word' id='word_1_26' title='bbox 422 658 703 699; x_wconf 86' lang='lat' dir='ltr'>occurrere</span> <span class='ocrx_word' id='word_1_27' title='bbox 748 658 969 715; x_wconf 84' lang='lat' dir='ltr'>quoque</span> <span class='ocrx_word' id='word_1_28' title='bbox 1015 638 1258 713; x_wconf 82' lang='lat' dir='ltr'>scopulos</span> <span class='ocrx_word' id='word_1_29' title='bbox 1291 641 1342 693; x_wconf 87' lang='lat' dir='ltr'>in</span> <span class='ocrx_word' id='word_1_30' title='bbox 1385 639 1525 695; x_wconf 87' lang='lat' dir='ltr'>hisce</span> <span class='ocrx_word' id='word_1_31' title='bbox 1571 640 1722 714; x_wconf 89' lang='lat' dir='ltr'>syste-</span> 
     </span>
     <span class='ocr_line' id='line_1_7' title="bbox 293 730 1722 794; baseline -0.003 -3"><span class='ocrx_word' id='word_1_32' title='bbox 293 733 518 791; x_wconf 85' lang='lat' dir='ltr'>matibus</span> <span class='ocrx_word' id='word_1_33' title='bbox 553 732 911 794; x_wconf 81' lang='lat' dir='ltr'>naturalibus,</span> <span class='ocrx_word' id='word_1_34' title='bbox 969 730 1095 786; x_wconf 85' lang='lat' dir='ltr'>teste</span> <span class='ocrx_word' id='word_1_35' title='bbox 1140 731 1416 785; x_wconf 88' lang='lat' dir='ltr'>communi</span> <span class='ocrx_word' id='word_1_36' title='bbox 1452 747 1577 786; x_wconf 87' lang='lat' dir='ltr'>cum</span> <span class='ocrx_word' id='word_1_37' title='bbox 1618 730 1722 787; x_wconf 86' lang='lat' dir='ltr'>aliis</span> 
     </span>
     <span class='ocr_line' id='line_1_8' title="bbox 292 818 1721 899; baseline -0.003 -18"><span class='ocrx_word' id='word_1_38' title='bbox 292 825 493 899; x_wconf 87' lang='lat' dir='ltr'>Royeni</span> <span class='ocrx_word' id='word_1_39' title='bbox 525 840 686 880; x_wconf 84' lang='lat' dir='ltr'>voto:</span> <span class='ocrx_word' id='word_1_40' title='bbox 752 823 969 879; x_wconf 85' lang='lat' dir='ltr'>Vtinam</span> <span class='ocrx_word' id='word_1_41' title='bbox 1012 818 1152 876; x_wconf 91' lang='lat' dir='ltr'>foret</span> <span class='ocrx_word' id='word_1_42' title='bbox 1197 819 1364 876; x_wconf 85' lang='lat' dir='ltr'>modo</span> <span class='ocrx_word' id='word_1_43' title='bbox 1411 837 1562 893; x_wconf 84' lang='lat' dir='ltr'>aeque</span> <span class='ocrx_word' id='word_1_44' title='bbox 1598 838 1721 894; x_wconf 89' lang='lat' dir='ltr'>pro-</span> 
     </span>
     <span class='ocr_line' id='line_1_9' title="bbox 290 907 1722 978; baseline -0.005 -7"><span class='ocrx_word' id='word_1_45' title='bbox 290 931 448 978; x_wconf 85' lang='lat' dir='ltr'>num,</span> <span class='ocrx_word' id='word_1_46' title='bbox 485 911 714 969; x_wconf 87' lang='lat' dir='ltr'>claffium</span> <span class='ocrx_word' id='word_1_47' title='bbox 751 909 1067 968; x_wconf 86' lang='lat' dir='ltr'>naturalium</span> <span class='ocrx_word' id='word_1_48' title='bbox 1091 945 1104 970; x_wconf 94' lang='lat'>,</span> <span class='ocrx_word' id='word_1_49' title='bbox 1142 926 1201 963; x_wconf 91' lang='lat' dir='ltr'>ac</span> <span class='ocrx_word' id='word_1_50' title='bbox 1232 907 1571 965; x_wconf 87' lang='lat' dir='ltr'>artificialium</span> <span class='ocrx_word' id='word_1_51' title='bbox 1604 908 1722 965; x_wconf 84' lang='lat' dir='ltr'>cha·</span> 
     </span>
     <span class='ocr_line' id='line_1_10' title="bbox 289 995 1720 1071; baseline -0.004 -10"><span class='ocrx_word' id='word_1_52' title='bbox 289 1004 517 1061; x_wconf 67' lang='lat' dir='ltr'>raCteres</span> <span class='ocrx_word' id='word_1_53' title='bbox 549 1000 813 1057; x_wconf 84' lang='lat' dir='ltr'>inuenire!</span> <span class='ocrx_word' id='word_1_54' title='bbox 851 1018 975 1055; x_wconf 89' lang='lat' dir='ltr'>nam</span> <span class='ocrx_word' id='word_1_55' title='bbox 1005 1016 1114 1053; x_wconf 88' lang='lat' dir='ltr'>non</span> <span class='ocrx_word' id='word_1_56' title='bbox 1147 998 1277 1053; x_wconf 86' lang='lat' dir='ltr'>leuis</span> <span class='ocrx_word' id='word_1_57' title='bbox 1299 995 1546 1071; x_wconf 54' lang='lat' dir='ltr'>profecto</span> <span class='ocrx_word' id='word_1_58' title='bbox 1576 998 1720 1055; x_wconf 85' lang='lat' dir='ltr'>labo·</span> 
     </span>
     <span class='ocr_line' id='line_1_11' title="bbox 288 1088 1720 1163; baseline -0.004 -13"><span class='ocrx_word' id='word_1_59' title='bbox 288 1097 356 1150; x_wconf 89' lang='lat' dir='ltr'>ris</span> <span class='ocrx_word' id='word_1_60' title='bbox 391 1093 490 1154; x_wconf 86' lang='lat' dir='ltr'>est,</span> <span class='ocrx_word' id='word_1_61' title='bbox 531 1089 700 1146; x_wconf 74' lang='lat' dir='ltr'>classes</span> <span class='ocrx_word' id='word_1_62' title='bbox 733 1090 857 1146; x_wconf 87' lang='lat' dir='ltr'>dare</span> <span class='ocrx_word' id='word_1_63' title='bbox 896 1088 1153 1144; x_wconf 74' lang='lat' dir='ltr'>naturales</span> <span class='ocrx_word' id='word_1_64' title='bbox 1184 1089 1327 1144; x_wconf 88' lang='lat' dir='ltr'>iuxta</span> <span class='ocrx_word' id='word_1_65' title='bbox 1356 1105 1604 1144; x_wconf 90' lang='lat' dir='ltr'>normam</span> <span class='ocrx_word' id='word_1_66' title='bbox 1641 1089 1720 1163; x_wconf 88' lang='lat' dir='ltr'>sy-</span> 
     </span>
     <span class='ocr_line' id='line_1_12' title="bbox 288 1178 1719 1255; baseline -0.001 -16"><span class='ocrx_word' id='word_1_67' title='bbox 288 1182 512 1239; x_wconf 87' lang='lat' dir='ltr'>stematis</span> <span class='ocrx_word' id='word_1_68' title='bbox 539 1182 632 1242; x_wconf 86' lang='lat' dir='ltr'>ita,</span> <span class='ocrx_word' id='word_1_69' title='bbox 673 1196 731 1236; x_wconf 87' lang='lat' dir='ltr'>vt</span> <span class='ocrx_word' id='word_1_70' title='bbox 765 1179 919 1235; x_wconf 86' lang='lat' dir='ltr'>clauis</span> <span class='ocrx_word' id='word_1_71' title='bbox 951 1178 1016 1233; x_wconf 84' lang='lat' dir='ltr'>ab</span> <span class='ocrx_word' id='word_1_72' title='bbox 1050 1194 1158 1234; x_wconf 90' lang='lat' dir='ltr'>vno</span> <span class='ocrx_word' id='word_1_73' title='bbox 1196 1180 1457 1252; x_wconf 88' lang='lat' dir='ltr'>principio</span> <span class='ocrx_word' id='word_1_74' title='bbox 1490 1180 1719 1255; x_wconf 85' lang='lat' dir='ltr'>petenda</span> 
     </span>
     <span class='ocr_line' id='line_1_13' title="bbox 286 1269 1716 1344; baseline -0.002 -13"><span class='ocrx_word' id='word_1_75' title='bbox 286 1275 611 1334; x_wconf 81' lang='lat' dir='ltr'>obtineatur,</span> <span class='ocrx_word' id='word_1_76' title='bbox 650 1289 678 1326; x_wconf 85' lang='lat' dir='ltr'>a</span> <span class='ocrx_word' id='word_1_77' title='bbox 703 1289 791 1327; x_wconf 89' lang='lat' dir='ltr'>me</span> <span class='ocrx_word' id='word_1_78' title='bbox 825 1287 1000 1327; x_wconf 89' lang='lat' dir='ltr'>tamen</span> <span class='ocrx_word' id='word_1_79' title='bbox 1020 1271 1307 1343; x_wconf 86' lang='lat' dir='ltr'>impetrare</span> <span class='ocrx_word' id='word_1_80' title='bbox 1330 1287 1440 1325; x_wconf 90' lang='lat' dir='ltr'>non</span> <span class='ocrx_word' id='word_1_81' title='bbox 1474 1269 1716 1344; x_wconf 71' lang='lat' dir='ltr'>possum,</span> 
     </span>
     <span class='ocr_line' id='line_1_14' title="bbox 287 1364 1714 1442; baseline 0.003 -21"><span class='ocrx_word' id='word_1_82' title='bbox 287 1369 441 1442; x_wconf 88' lang='lat' dir='ltr'>quin,</span> <span class='ocrx_word' id='word_1_83' title='bbox 480 1383 630 1429; x_wconf 82' lang='lat' dir='ltr'>cum,</span> <span class='ocrx_word' id='word_1_84' title='bbox 668 1380 728 1420; x_wconf 86' lang='lat' dir='ltr'>vt</span> <span class='ocrx_word' id='word_1_85' title='bbox 760 1364 1008 1433; x_wconf 84' lang='lat' dir='ltr'>Royenus</span> <span class='ocrx_word' id='word_1_86' title='bbox 1040 1366 1316 1438; x_wconf 76' lang='lat' dir='ltr'>exprimit,</span> <span class='ocrx_word' id='word_1_87' title='bbox 1357 1367 1714 1425; x_wconf 85' lang='lat' dir='ltr'>consentienti·-</span> 
     </span>
     <span class='ocr_line' id='line_1_15' title="bbox 286 1455 1720 1527; baseline 0 -14"><span class='ocrx_word' id='word_1_88' title='bbox 286 1457 387 1513; x_wconf 89' lang='lat' dir='ltr'>bus</span> <span class='ocrx_word' id='word_1_89' title='bbox 430 1457 600 1514; x_wconf 85' lang='lat' dir='ltr'>omnis</span> <span class='ocrx_word' id='word_1_90' title='bbox 631 1457 767 1511; x_wconf 89' lang='lat' dir='ltr'>veris</span> <span class='ocrx_word' id='word_1_91' title='bbox 808 1455 1180 1527; x_wconf 85' lang='lat' dir='ltr'>Systematicis,</span> <span class='ocrx_word' id='word_1_92' title='bbox 1246 1455 1417 1511; x_wconf 76' lang='lat' dir='ltr'>classes</span> <span class='ocrx_word' id='word_1_93' title='bbox 1459 1457 1720 1515; x_wconf 81' lang='lat' dir='ltr'>naturales</span> 
     </span>
     <span class='ocr_line' id='line_1_16' title="bbox 284 1543 1719 1624; baseline 0 -21"><span class='ocrx_word' id='word_1_94' title='bbox 284 1543 526 1624; x_wconf 73' lang='lat' dir='ltr'>praeferri</span> <span class='ocrx_word' id='word_1_95' title='bbox 567 1545 776 1619; x_wconf 86' lang='lat' dir='ltr'>semper</span> <span class='ocrx_word' id='word_1_96' title='bbox 818 1543 1167 1600; x_wconf 73' lang='lat' dir='ltr'>aruficialibus</span> <span class='ocrx_word' id='word_1_97' title='bbox 1210 1546 1474 1608; x_wconf 84' lang='lat' dir='ltr'>debeant,</span> <span class='ocrx_word' id='word_1_98' title='bbox 1540 1550 1719 1603; x_wconf 72' lang='lat' dir='ltr'>verius</span> 
     </span>
     <span class='ocr_line' id='line_1_17' title="bbox 284 1634 1718 1716; baseline -0.002 -19"><span class='ocrx_word' id='word_1_99' title='bbox 284 1640 562 1716; x_wconf 82' lang='lat' dir='ltr'>agnoscam</span> <span class='ocrx_word' id='word_1_100' title='bbox 596 1639 750 1694; x_wconf 90' lang='lat' dir='ltr'>etiam</span> <span class='ocrx_word' id='word_1_101' title='bbox 787 1636 904 1692; x_wconf 91' lang='lat' dir='ltr'>heic</span> <span class='ocrx_word' id='word_1_102' title='bbox 940 1634 1068 1691; x_wconf 89' lang='lat' dir='ltr'>illud</span> <span class='ocrx_word' id='word_1_103' title='bbox 1102 1635 1265 1697; x_wconf 86' lang='lat' dir='ltr'>aliud,</span> <span class='ocrx_word' id='word_1_104' title='bbox 1306 1636 1454 1708; x_wconf 89' lang='lat' dir='ltr'>quod</span> <span class='ocrx_word' id='word_1_105' title='bbox 1482 1636 1718 1702; x_wconf 83' lang='lat' dir='ltr'>Natura,</span> 
     </span>
     <span class='ocr_line' id='line_1_18' title="bbox 283 1725 1717 1808; baseline -0.004 -18"><span class='ocrx_word' id='word_1_106' title='bbox 283 1749 446 1808; x_wconf 86' lang='lat' dir='ltr'>quam</span> <span class='ocrx_word' id='word_1_107' title='bbox 479 1728 629 1804; x_wconf 89' lang='lat' dir='ltr'>quod</span> <span class='ocrx_word' id='word_1_108' title='bbox 662 1729 865 1802; x_wconf 86' lang='lat' dir='ltr'>priuata</span> <span class='ocrx_word' id='word_1_109' title='bbox 899 1725 1242 1801; x_wconf 84' lang='lat' dir='ltr'>quorundam</span> <span class='ocrx_word' id='word_1_110' title='bbox 1278 1725 1517 1800; x_wconf 77' lang='lat' dir='ltr'>sapientia</span> <span class='ocrx_word' id='word_1_111' title='bbox 1541 1727 1717 1792; x_wconf 83' lang='lat' dir='ltr'>dixit,</span> 
     </span>
     <span class='ocr_line' id='line_1_19' title="bbox 286 1820 732 1884; baseline -0.027 0"><span class='ocrx_word' id='word_1_112' title='bbox 286 1827 347 1884; x_wconf 88' lang='lat'>&amp;</span> <span class='ocrx_word' id='word_1_113' title='bbox 386 1821 558 1878; x_wconf 84' lang='lat' dir='ltr'>adhuc</span> <span class='ocrx_word' id='word_1_114' title='bbox 595 1820 732 1876; x_wconf 87' lang='lat' dir='ltr'>dicit.</span> 
     </span>
    </p>

    <p class='ocr_par' dir='ltr' id='par_1_5' title="bbox 279 1901 1714 2606">
     <span class='ocr_line' id='line_1_20' title="bbox 398 1901 1714 1987; baseline -0.002 -17"><span class='ocrx_word' id='word_1_115' title='bbox 398 1914 467 1970; x_wconf 88' lang='lat' dir='ltr'>Et</span> <span class='ocrx_word' id='word_1_116' title='bbox 498 1911 580 1968; x_wconf 87' lang='lat' dir='ltr'>hae</span> <span class='ocrx_word' id='word_1_117' title='bbox 616 1901 834 1987; x_wconf 86' lang='lat' dir='ltr'>quidem</span> <span class='ocrx_word' id='word_1_118' title='bbox 866 1926 1195 1984; x_wconf 78' lang='lat' dir='ltr'>permonere</span> <span class='ocrx_word' id='word_1_119' title='bbox 1234 1928 1325 1966; x_wconf 88' lang='lat' dir='ltr'>me</span> <span class='ocrx_word' id='word_1_120' title='bbox 1364 1912 1615 1975; x_wconf 83' lang='lat' dir='ltr'>rationes,</span> <span class='ocrx_word' id='word_1_121' title='bbox 1654 1926 1714 1968; x_wconf 86' lang='lat' dir='ltr'>vt</span> 
     </span>
     <span class='ocr_line' id='line_1_21' title="bbox 283 2000 1714 2079; baseline -0.001 -18"><span class='ocrx_word' id='word_1_122' title='bbox 283 2004 478 2079; x_wconf 85' lang='lat' dir='ltr'>&amp;ipse</span> <span class='ocrx_word' id='word_1_123' title='bbox 512 2005 677 2077; x_wconf 82' lang='lat' dir='ltr'>magis</span> <span class='ocrx_word' id='word_1_124' title='bbox 720 2000 1010 2058; x_wconf 58' lang='lat' dir='ltr'>delectarer</span> <span class='ocrx_word' id='word_1_125' title='bbox 1060 2000 1419 2075; x_wconf 85' lang='lat' dir='ltr'>systematibus</span> <span class='ocrx_word' id='word_1_126' title='bbox 1462 2001 1714 2059; x_wconf 84' lang='lat' dir='ltr'>botanicis</span> 
     </span>
     <span class='ocr_line' id='line_1_22' title="bbox 283 2090 1712 2155; baseline -0.008 0"><span class='ocrx_word' id='word_1_127' title='bbox 283 2093 627 2155; x_wconf 86' lang='lat' dir='ltr'>naturalibus,</span> <span class='ocrx_word' id='word_1_128' title='bbox 668 2096 730 2152; x_wconf 86' lang='lat'>&amp;</span> <span class='ocrx_word' id='word_1_129' title='bbox 758 2092 815 2147; x_wconf 88' lang='lat' dir='ltr'>iis</span> <span class='ocrx_word' id='word_1_130' title='bbox 843 2090 1207 2148; x_wconf 86' lang='lat' dir='ltr'>exhauriendis</span> <span class='ocrx_word' id='word_1_131' title='bbox 1231 2093 1516 2154; x_wconf 84' lang='lat' dir='ltr'>maiorem,</span> <span class='ocrx_word' id='word_1_132' title='bbox 1557 2108 1712 2147; x_wconf 88' lang='lat' dir='ltr'>acar.</span> 
     </span>
     <span class='ocr_line' id='line_1_23' title="bbox 283 2181 1710 2257; baseline -0.006 -14"><span class='ocrx_word' id='word_1_133' title='bbox 283 2184 567 2246; x_wconf 87' lang='lat' dir='ltr'>tificialibus</span> <span class='ocrx_word' id='word_1_134' title='bbox 603 2198 852 2239; x_wconf 88' lang='lat' dir='ltr'>nauarem</span> <span class='ocrx_word' id='word_1_135' title='bbox 883 2199 1132 2256; x_wconf 85' lang='lat' dir='ltr'>operam,</span> <span class='ocrx_word' id='word_1_136' title='bbox 1183 2183 1312 2257; x_wconf 83' lang='lat' dir='ltr'>quin</span> <span class='ocrx_word' id='word_1_137' title='bbox 1336 2186 1397 2242; x_wconf 69' lang='grc' dir='ltr'>δε</span> <span class='ocrx_word' id='word_1_138' title='bbox 1426 2181 1609 2238; x_wconf 82' lang='lat' dir='ltr'>iisdem</span> <span class='ocrx_word' id='word_1_139' title='bbox 1643 2196 1710 2236; x_wconf 83' lang='lat' dir='ltr'>ex</span> 
     </span>
     <span class='ocr_line' id='line_1_24' title="bbox 283 2268 1710 2348; baseline -0.003 -19"><span class='ocrx_word' id='word_1_140' title='bbox 283 2274 605 2348; x_wconf 87' lang='lat' dir='ltr'>argumentis</span> <span class='ocrx_word' id='word_1_141' title='bbox 647 2273 813 2345; x_wconf 86' lang='lat' dir='ltr'>magis</span> <span class='ocrx_word' id='word_1_142' title='bbox 869 2268 1123 2326; x_wconf 58' lang='lat' dir='ltr'>hactenus</span> <span class='ocrx_word' id='word_1_143' title='bbox 1179 2268 1477 2324; x_wconf 88' lang='lat' dir='ltr'>consultum</span> <span class='ocrx_word' id='word_1_144' title='bbox 1539 2269 1710 2325; x_wconf 84' lang='lat' dir='ltr'>visum</span> 
     </span>
     <span class='ocr_line' id='line_1_25' title="bbox 280 2356 1709 2425; baseline -0.003 -5"><span class='ocrx_word' id='word_1_145' title='bbox 280 2361 382 2420; x_wconf 87' lang='lat' dir='ltr'>fuit</span> <span class='ocrx_word' id='word_1_146' title='bbox 410 2362 565 2425; x_wconf 89' lang='lat' dir='ltr'>mihi,</span> <span class='ocrx_word' id='word_1_147' title='bbox 613 2358 1004 2418; x_wconf 83' lang='lat' dir='ltr'>Ornatiffimam</span> <span class='ocrx_word' id='word_1_148' title='bbox 1037 2356 1336 2414; x_wconf 82' lang='lat' dir='ltr'>Academiae</span> <span class='ocrx_word' id='word_1_149' title='bbox 1372 2357 1564 2413; x_wconf 86' lang='lat' dir='ltr'>nostrae</span> <span class='ocrx_word' id='word_1_150' title='bbox 1607 2357 1709 2416; x_wconf 79' lang='lat' dir='ltr'>stu-</span> 
     </span>
     <span class='ocr_line' id='line_1_26' title="bbox 283 2441 1707 2522; baseline -0.005 -10"><span class='ocrx_word' id='word_1_151' title='bbox 283 2454 481 2512; x_wconf 78' lang='lat' dir='ltr'>diosam</span> <span class='ocrx_word' id='word_1_152' title='bbox 521 2453 860 2510; x_wconf 75' lang='lat' dir='ltr'>quentatem</span> <span class='ocrx_word' id='word_1_153' title='bbox 903 2441 1027 2506; x_wconf 86' lang='lat' dir='ltr'>huic</span> <span class='ocrx_word' id='word_1_154' title='bbox 1059 2445 1372 2505; x_wconf 81' lang='lat' dir='ltr'>affuefacere</span> <span class='ocrx_word' id='word_1_155' title='bbox 1406 2449 1585 2522; x_wconf 86' lang='lat' dir='ltr'>potius</span> <span class='ocrx_word' id='word_1_156' title='bbox 1618 2465 1707 2506; x_wconf 84' lang='lat' dir='ltr'>na-</span> 
     </span>
     <span class='ocr_line' id='line_1_27' title="bbox 279 2539 1707 2606; baseline -0.005 -1"><span class='ocrx_word' id='word_1_157' title='bbox 279 2547 432 2606; x_wconf 81' lang='lat' dir='ltr'>turali</span> <span class='ocrx_word' id='word_1_158' title='bbox 469 2543 756 2605; x_wconf 88' lang='lat' dir='ltr'>methodo,</span> <span class='ocrx_word' id='word_1_159' title='bbox 801 2560 860 2598; x_wconf 83' lang='lat' dir='ltr'>ac</span> <span class='ocrx_word' id='word_1_160' title='bbox 897 2539 1164 2603; x_wconf 86' lang='lat' dir='ltr'>artificiali,</span> <span class='ocrx_word' id='word_1_161' title='bbox 1215 2545 1306 2603; x_wconf 89' lang='lat'>&amp;,</span> <span class='ocrx_word' id='word_1_162' title='bbox 1354 2556 1482 2596; x_wconf 90' lang='lat' dir='ltr'>cum</span> <span class='ocrx_word' id='word_1_163' title='bbox 1517 2557 1584 2596; x_wconf 83' lang='lat' dir='ltr'>ex</span> <span class='ocrx_word' id='word_1_164' title='bbox 1611 2541 1707 2598; x_wconf 85' lang='lat' dir='ltr'>illis</span> 
     </span>
    </p>
   </div>
   <div class='ocr_carea' id='block_1_5' title="bbox 278 2626 1708 2781">
    <p class='ocr_par' dir='ltr' id='par_1_6' title="bbox 278 2626 1708 2781">
     <span class='ocr_line' id='line_1_28' title="bbox 278 2626 1708 2711; baseline -0.006 -17"><span class='ocrx_word' id='word_1_165' title='bbox 278 2634 498 2711; x_wconf 79' lang='lat' dir='ltr'>quidem</span> <span class='ocrx_word' id='word_1_166' title='bbox 527 2630 904 2709; x_wconf 88' lang='lat' dir='ltr'>Systematibus</span> <span class='ocrx_word' id='word_1_167' title='bbox 929 2629 1251 2691; x_wconf 87' lang='lat' dir='ltr'>naturalibus</span> <span class='ocrx_word' id='word_1_168' title='bbox 1279 2626 1537 2691; x_wconf 66' lang='lat' dir='ltr'>haEtenus</span> <span class='ocrx_word' id='word_1_169' title='bbox 1572 2633 1708 2704; x_wconf 87' lang='lat' dir='ltr'>opti-</span> 
     </span>
     <span class='ocr_line' id='line_1_29' title="bbox 1551 2735 1707 2781; baseline -0.038 1"><span class='ocrx_word' id='word_1_170' title='bbox 1551 2735 1707 2781; x_wconf 86' lang='lat' dir='ltr'>mum</span> 
     </span>
    </p>
   </div>
  </div>
 </body>
</html>
