1881 3137
506 175 614 234 154
818 129 825 133 ’
895 155 1251 217 CLASSIS
1299 140 1434 214 xl(

503 287 659 346 guunt
678 278 933 342 praesertim
957 297 983 329 a
1002 280 1308 341 sequentibus
1330 279 1595 329 ordinibus,
1668 280 1797 332 Con-

505 365 665 413 fluunt
706 372 873 411 autem
916 366 965 411 in
999 365 1096 411 hoc
1138 364 1306 412 ordine
1349 379 1523 427 genera
1556 366 1796 414 variarum

505 442 689 492 Linnaei
727 444 958 505 classium,
992 444 1214 492 nimirum
1248 447 1646 507 gynandriarum,
1682 459 1795 507 pen-

504 527 833 588 tagyniarum,
886 525 1135 571 monoeciae
1170 524 1482 588 syngenefiae,
1521 536 1663 588 atque
1698 529 1797 575 ico-

506 606 698 655 sandriae
749 606 1092 667 monogyniae,
1159 621 1266 668 quae
1314 618 1475 655 tamen
1529 611 1795 658 communis

504 685 584 733 hic
629 684 850 746 habitus,
903 686 948 732 &
997 685 1116 732 claffi
1160 685 1206 731 &
1252 687 1409 733 ordini
1457 685 1529 733 Cl.
1569 687 1794 736 Austoris

504 761 656 810 nostri
689 762 913 823 proprius
951 761 1176 823 aptissime
1210 764 1493 826 coniungit,
1528 764 1574 811 &
1606 774 1795 814 natura-

493 830 626 893 iiter.
732 843 944 892 Primum
991 858 1140 907 genus
1187 843 1436 892 constituit
1485 845 1594 892 heic
1640 859 1797 894 exem-

501 923 634 985 plum
670 923 945 985 gynandriae
996 924 1328 985 pentagyniae,
1386 922 1564 970 scilicet
1602 922 1795 988 Paffiflo-

502 1017 583 1062 ra,
621 1003 735 1050 Flos
769 1002 988 1063 paffionis
1025 1004 1205 1064 vulgo,
1246 999 1522 1050 Granadilla
1555 1001 1791 1064 Hispanis,

503 1083 638 1132 cuius
690 1098 742 1130 11
795 1081 974 1143 species
1024 1089 1274 1129 enumerat
1320 1079 1391 1128 CL
1428 1079 1643 1141 Amitor,
1699 1081 1793 1128 flos

501 1161 835 1225 elegantissime
875 1161 1099 1208 mirabilis
1140 1158 1536 1219 construEtioniS,
1586 1159 1791 1207 maxime

499 1257 609 1291 cum
645 1243 812 1304 aliquae
846 1239 1052 1303 species,
1094 1240 1143 1287 in
1166 1239 1435 1287 Germani-ce
1461 1252 1656 1300 quoque
1680 1239 1789 1286 hor-

498 1322 559 1369 tis
604 1323 773 1382 cultae,
829 1321 1002 1368 multas
1037 1317 1260 1367 Paffionis
1299 1318 1486 1379 Optimi
1520 1318 1788 1366 Seruatoris

496 1400 667 1450 Nostri
698 1408 858 1463 partes
896 1397 1168 1458 exprimant
1199 1399 1249 1445 in
1284 1396 1511 1445 vniuerso
1541 1397 1672 1445 floris
1711 1414 1786 1460 ap-

496 1490 668 1543 paratu
705 1480 833 1528 haud
869 1478 1097 1540 obscure,
1133 1477 1343 1540 speciosa
1369 1471 1594 1542 quoque,
1631 1481 1784 1528 oculis

498 1562 756 1610 admodum
787 1561 1065 1608 blandiente
1102 1559 1388 1608 diuersarum
1420 1560 1552 1614 floris
1577 1562 1783 1622 partium

493 1645 747 1693 varietate.
820 1642 1014 1690 Deinde
1048 1641 1179 1688 hunc
1215 1641 1432 1688 ordinem
1464 1639 1670 1690 subeunt
1704 1646 1781 1693 ali-

496 1735 589 1781 qua
623 1734 798 1785 genera
836 1735 860 1766 e
898 1719 1035 1766 classe
1069 1722 1318 1767 monoeciae
1353 1719 1635 1781 syngenefiae
1669 1722 1778 1772 Lin-

492 1801 610 1860 naei,
651 1816 676 1847 e
714 1800 886 1861 quibus
924 1800 1147 1846 omnibus
1178 1799 1345 1858 aliquae
1374 1796 1552 1858 species
1587 1796 1674 1846 vsu
1706 1818 1777 1850 re-

493 1882 644 1934 ceptae
690 1872 798 1921 sunt
838 1875 1045 1923 medico.
1149 1875 1222 1922 Ita
1260 1874 1306 1922 se
1347 1890 1422 1922 res
1470 1876 1617 1923 habet
1652 1879 1776 1928 cirea

491 1968 669 2017 genus:
705 1953 1016 2014 Momordica‚
1059 1956 1192 2003 vnde
1226 1971 1327 2004 non
1362 1956 1510 2004 modo
1545 1957 1772 2032 vulgavjem

488 2035 722 2082 habemus
757 2034 1095 2093 momordicam‚
1127 2036 1206 2085 sed
1242 2038 1287 2084 &
1321 2035 1548 2087 elaterium
1579 2036 1771 2098 officina-

487 2127 615 2171 rum,
655 2112 786 2172 quod
811 2111 1004 2161 succum
1029 2115 1164 2162 illum
1193 2125 1500 2177 purgantem,
1537 2115 1618 2176 qui
1638 2116 1770 2164 affer-

484 2197 627 2235 uatur
669 2190 930 2252 inspifl'atus
985 2193 1036 2240 in
1091 2193 1291 2242 officinis
1342 2195 1765 2258 pharmaceuticiS,

483 2269 666 2331 reddit,
701 2285 852 2332 porro
887 2273 983 2320 huc
1011 2275 1222 2335 pertinet
1242 2274 1467 2335 Cucumis,
1502 2277 1635 2325 cuius
1669 2277 1765 2340 spe-

484 2356 578 2402 cies
615 2354 685 2402 est
718 2353 917 2420 vulgaris
960 2356 1040 2402 isse
1075 2357 1278 2420 satiuus,
1326 2356 1508 2416 vbique
1552 2357 1602 2405 in
1646 2357 1762 2406 Ger-

481 2434 639 2480 matnia
675 2433 863 2494 cultUS,
901 2435 1079 2494 eduliS,
1119 2435 1208 2482 alia
1240 2432 1418 2493 species
1450 2431 1575 2483 Melo
1607 2435 1760 2505 vulga-

478 2513 566 2569 ris,
619 2513 707 2560 alia
747 2512 1022 2581 Colocynthis
1066 2512 1343 2574 officinarum
1364 2548 1380 2575 ,
1437 2513 1760 2569 amarissimum

475 2586 590 2638 dans
637 2591 753 2638 illud
799 2605 1001 2653 pomum
1049 2591 1328 2655 drasticum,
1383 2593 1514 2642 vnde
1556 2593 1759 2661 trochifiv'

1537 2669 1753 2725 albandcd
