1881 3137
276 176 352 234 32
749 148 1226 215 PROLQGVs

278 295 405 338 rum
429 311 445 341 ‚
516 273 983 349 terminorumque
1038 274 1283 329 omnium
1339 270 1704 330 technicorum

282 367 612 448 peritiffimis.
689 366 982 423 Obseruaui
1012 379 1190 421 autem
1223 362 1510 436 praesertim
1543 379 1609 418 ex
1639 378 1709 418 eo

285 477 533 536 tempore
555 492 571 520 ,
614 473 725 530 quo
759 456 1014 513 Botanicae
1051 455 1106 509 in
1138 453 1237 508 hae
1270 452 1444 508 nostra
1472 452 1715 509 Scientia-

284 568 411 611 rum
435 545 782 606 Vniuerfitate
811 544 924 602 sum
952 541 1261 619 praefefi'tus‚
1299 540 1383 597 hic
1410 541 1587 599 multis
1616 541 1715 598 hac

290 640 512 701 Scientia
545 635 925 695 delefitantibus
960 635 1163 691 haerere
1209 648 1402 708 aquam
1421 666 1438 694 2
1490 636 1553 692 &
1580 631 1718 688 hanc

289 726 632 808 quorundam
657 742 800 783 certe
826 725 1214 801 principiorum
1246 722 1595 798 ignorantiam
1627 736 1721 778 eos

289 817 549 894 impedire
560 852 575 881 ,
614 833 727 890 quo
751 817 924 872 minus
947 813 1092 870 laetos
1114 812 1263 876 istos,
1302 829 1439 887 quos
1470 814 1721 885 cupiunt,

292 912 470 970 ‚tacere
509 906 704 984 poffint
734 903 1054 981 progressus.
1142 903 1287 978 Qid
1321 920 1454 977 ergo
1494 899 1722 976 aequitati

293 1001 463 1074 magis
486 1000 559 1055 est
582 996 986 1054 consentaneum
1001 1030 1016 1058 ‚
1045 1011 1210 1068 quam
1233 1008 1291 1050 vt
1312 993 1551 1050 studeant
1573 988 1724 1047 omni
1815 1060 1817 1062 q

295 1090 464 1149 modo
495 1088 773 1149 docentes,
807 1085 957 1142 hunc
974 1083 1178 1142 soluere
1196 1082 1426 1146 nodum,
1465 1086 1527 1143 &
1547 1096 1727 1138 remo·

299 1195 432 1238 uere
454 1177 636 1234 obuias
660 1173 1019 1233 difficultates?
1067 1174 1201 1231 Non
1222 1173 1338 1230 lane
1361 1190 1552 1248 parum
1571 1173 1733 1229 inters

301 1270 375 1326 est
395 1304 411 1332 2
471 1264 750 1325 Medicum
783 1263 1086 1341 cognouisse
1119 1264 1317 1340 plantas
1337 1299 1354 1329 ‚
1405 1268 1468 1325 &
1493 1262 1730 1321 distincte

301 1360 521 1439 quidem
542 1399 560 1424 ,
606 1371 666 1415 vt
694 1372 804 1412 non
832 1355 1000 1412 modo
1043 1354 1136 1412 fibi
1175 1354 1377 1411 constet
1420 1355 1552 1412 circa
1595 1354 1732 1422 illas,

302 1467 437 1528 squas
460 1446 780 1522 experientia
799 1443 965 1500 sanior
988 1442 1239 1501 diffitauit
1269 1442 1497 1500 salubres
1527 1444 1734 1500 homini

306 1540 552 1619 praestare
575 1535 721 1598 vsus,
754 1551 948 1591 verum
973 1537 1034 1594 &
1057 1549 1167 1596 eas,
1189 1549 1319 1607 quas
1337 1549 1614 1591 venenatas
1632 1530 1738 1590 effe

308 1633 567 1706 frequens
611 1623 907 1683 obseruatio
941 1622 1290 1679 confirmauit.
1329 1688 1334 1689 ⁷
1403 1623 1572 1697 Atqui
1603 1640 1736 1681 vero

307 1721 401 1778 has
424 1728 650 1792 propter
683 1710 1076 1769 multitudinem
1109 1707 1473 1773 obiefitorum‚
1512 1714 1575 1770 &
1602 1707 1744 1766 falla-⁴

305 1826 460 1870 cem,
512 1816 741 1879 propter
769 1802 1055 1857 hominum
1088 1798 1461 1873 negligentiam
1485 1842 1501 1866 ,
1550 1816 1743 1856 eorun-

310 1900 435 1958 dem
470 1893 791 1968 fignaturam
834 1889 1103 1947 secernere
1146 1906 1291 1946 certo
1330 1905 1496 1945 nemo
1539 1889 1744 1963 potest,

240 2028 257 2035 x
314 1988 540 2064 quinon
564 1980 856 2058 adsueuerit
879 1980 1049 2036 ordini
1069 1978 1392 2053 systematico
1418 1977 1746 2044 breuiffimo‚

311 2073 554 2148 loquitur
591 2068 697 2143 ipsa
743 2070 1102 2125 recentiorum
1132 2064 1472 2142 systematum
1505 2063 1747 2131 felicitas,

316 2181 437 2240 quae
459 2161 758 2216 summatim
781 2156 1034 2217 recensuit
1067 2156 1305 2215 Celebris
1328 2157 1545 2228 Ludwig
1577 2162 1626 2214 in
1644 2155 1747 2228 suis
1827 2195 1840 2212 .

223 2322 226 2323 ⁷
320 2251 529 2324 Institut.
575 2248 814 2315 Historiae
838 2282 851 2291 -
868 2246 1066 2319 physicis
1106 2249 1239 2317 regni
1296 2247 1569 2318 vegetabilis
1625 2263 1749 2304 anno

326 2354 486 2414 1757.
504 2338 613 2394 edit.
641 2338 755 2407 Cap.
770 2337 867 2392 III„
882 2349 930 2407 p.
945 2337 1036 2394 60.
1057 2336 1125 2390 ad
1145 2352 1237 2407 72.
1262 2354 1430 2407 vsque.

435 2429 643 2502 Itaque,
682 2444 808 2485 cum
831 2425 990 2483 semel
1014 2425 1326 2499 adoptatum
1348 2424 1422 2480 est
1444 2423 1656 2499 aliquod
1676 2423 1754 2500 sy,

321 2519 491 2579 stema
515 2553 530 2581 ‚
570 2520 871 2592 praecipuus
909 2518 984 2573 rei
1014 2517 1174 2573 cardo
1203 2518 1428 2573 vertitur
1457 2518 1510 2572 in
1544 2534 1608 2572 eo
1628 2550 1645 2580 ‚
1694 2532 1756 2577 vt

308 2604 680 2686 usuffulciamus
714 2607 897 2665 hocin
928 2605 1242 2666 antecessum
1268 2604 1550 2665 necessariis
1571 2602 1757 2662 funda-

1563 2708 1753 2754 menus
