1881 3137
460 191 539 260 64
913 183 1305 258 &effata

985 340 1166 400 Classis
1202 342 1241 398 Ι.

218 572 454 670 ἓίῐῖἶῖῑῑςῦὃὶῑῡ
597 596 735 629 urum
765 593 865 628 non
893 582 1046 629 minus
1064 619 1079 643 ‚
1119 598 1172 630 ac
1202 583 1482 645 paradoxon
1513 584 1756 633 videbitur

218 687 364 725 Palma.
409 656 419 667 ⁹
631 658 872 726 plurimis,
909 665 1147 724 praecipue
1178 665 1236 711 in
1258 662 1491 712 methodo
1522 679 1623 713 non
1649 679 1757 713 ver-

472 744 580 792 satis
619 741 850 801 naturali,
891 741 962 790 Cl.
986 743 1256 792 Auctorem
1281 744 1543 805 palmarum
1560 758 1759 798 nomen,

477 824 609 884 quod
656 823 701 870 &
736 824 976 882 Vetere8.,
1023 825 1069 870 &
1099 826 1313 888 plerique
1347 824 1640 874 recentiores
1674 823 1762 871 vni

478 912 665 950 tantum
713 896 1073 964 adsignauerunt
1111 905 1380 964 plantarum
1421 903 1616 968 generi,
1669 904 1763 950 iam

485 980 792 1030 commutasse
824 981 872 1029 in
912 979 1170 1043 clafficum,
1209 997 1315 1032 cum
1348 998 1448 1031 non
1478 983 1626 1031 modo
1662 981 1764 1042 plu·

483 1078 559 1113 res
581 1063 772 1109 diuersae
805 1063 925 1109 adeo
956 1062 1335 1112 fructificationis
1364 1067 1536 1126 plantae
1557 1062 1639 1110 sub
1668 1063 1766 1109 hoc

483 1139 690 1187 militent
723 1136 880 1198 figiio,
926 1136 1006 1183 sed
1044 1139 1089 1184 &
1121 1136 1498 1187 fructificationis
1527 1145 1684 1198 partes
1715 1136 1766 1184 in

487 1217 659 1280 plantis
692 1215 833 1262 huius
864 1215 1006 1263 claffis
1039 1216 1159 1263 adeo
1184 1217 1467 1278 singulares,
1504 1214 1624 1261 adeo
1649 1211 1769 1271 saepe

490 1297 681 1346 diuersae
708 1297 822 1358 sint,
860 1306 918 1343 vt
950 1297 1103 1357 primo
1137 1306 1267 1345 certe
1298 1299 1477 1345 intuitu
1505 1295 1640 1343 nullo
1668 1306 1771 1340 mo-

488 1376 552 1422 do
589 1377 815 1438 coniungi
847 1374 978 1437 poffe
1003 1376 1274 1424 videantur.
1344 1376 1436 1423 Sed
1456 1373 1582 1421 salua
1608 1387 1682 1420 res
1703 1367 1774 1417 est

489 1457 715 1507 Auaoris
748 1455 922 1504 nostri!
970 1458 1053 1517 qui
1101 1458 1227 1506 enim
1261 1459 1529 1519 plantarum
1565 1454 1654 1502 hac
1689 1451 1774 1499 sub

488 1537 625 1586 claffe
647 1538 941 1594 locatarum,
978 1536 1076 1583 fiue
1101 1537 1368 1596 palmarum
1392 1534 1608 1581 omnium
1629 1532 1776 1579 flores

491 1617 538 1664 &
577 1612 758 1664 fruetus
805 1614 1097 1662 examinabit
1135 1617 1226 1663 rite
1247 1649 1263 1675 ,
1321 1613 1525 1662 maxime
1565 1619 1780 1658 attentus

493 1698 646 1760 probe
681 1692 880 1760 spathe&
938 1691 1231 1759 spadiciquffi
1273 1693 1451 1741 scilicet
1489 1694 1672 1756 vaginae
1712 1687 1782 1736 ini

495 1776 855 1839 longitudinali‚
881 1774 1015 1835 fiffae,
1035 1776 1436 1834 membranaceae,
1468 1771 1674 1837 rugosae,
1710 1782 1783 1816 ca—

498 1856 620 1917 lycis
655 1854 853 1914 speciei,
891 1867 995 1913 quae
1017 1850 1174 1916 spatha
1197 1852 1397 1910 dicitur,
1433 1851 1479 1896 &
1500 1850 1708 1914 surgenti
1725 1850 1786 1898 de

503 1934 587 1983 ista
610 1934 848 1980 columnae
880 1931 1103 1979 floriferae
1125 1932 1250 1978 intra
1277 1930 1486 1990 spatham
1506 1930 1786 1990 reconditae,

499 2016 717 2078 pluribus
767 2010 971 2059 flosculis
1026 2025 1360 2070 communem,
1420 2023 1525 2070 quae
1565 2009 1790 2057 columna

502 2093 586 2143 sub
615 2095 686 2141 his
712 2092 1076 2142 conditionibus
1108 2091 1278 2137 vocari
1316 2088 1437 2136 solet
1455 2084 1658 2154 J'padix,
1702 2100 1790 2136 vn-

506 2174 566 2222 de
583 2172 672 2237 flos
702 2171 951 2239 spadiceus,
989 2171 1070 2232 qui
1092 2168 1228 2218 suum
1255 2170 1617 2231 receptaculum
1646 2169 1794 2217 habet

506 2256 631 2303 intra
666 2255 876 2316 spatham
897 2287 913 2312 ,
965 2251 1182 2311 pluribus
1221 2262 1527 2298 communem
1556 2249 1793 2309 flosculis,

511 2349 655 2397 quare
690 2333 929 2397 singularis
963 2332 1012 2378 in
1043 2332 1146 2378 hacc
1163 2330 1322 2390 class'e,
1339 2333 1479 2390 calyx
1517 2331 1586 2378 est
1615 2329 1795 2391 spatha-

509 2431 625 2466 ceus
650 2413 916 2462 communis
946 2424 1007 2457 eo
1029 2405 1275 2471 respectu„
1305 2408 1433 2469 haec,
1458 2409 1677 2469 inquam,
1715 2408 1798 2469 qui

512 2498 597 2547 fibi
639 2496 765 2542 bene
806 2490 1052 2539 notauerit
1085 2489 1266 2549 ’cai'ycis
1307 2495 1553 2535 momenta
1573 2523 1590 2548 ,
1641 2499 1714 2533 nae
1756 2485 1797 2532 is

513 2579 678 2617 natam
701 2568 831 2629 prius
854 2565 1191 2614 difficultatem¹
1206 2562 1444 2612 euanuifl'e
1464 2578 1581 2614 mox
1602 2561 1798 2620 sentiet3

521 2648 683 2710 quidni
711 2646 844 2694 enim
866 2643 1129 2695 desiderata
1156 2642 1384 2695 haetenus
1396 2657 1656 2710 generum,
1691 2655 1802 2690 con-
1842 2690 1849 2698 ,

1671 2732 1803 2768 uem·
