1881 3137
204 1068 440 1118 Explicatio

203 1121 343 1163 Claffis
375 1122 454 1163 IV.

202 1179 443 1218 Amentaceae.

485 198 562 260 90
866 185 1224 244 cLAssis
1274 185 1373 244 lv.

488 321 514 353 e
547 305 747 365 squamis
779 307 999 354 vnifloris
1022 344 1038 368 ,
1074 308 1123 354 in
1149 307 1365 355 femineis
1401 318 1562 355 autern
1589 299 1763 370 reperi-

488 402 593 437 mus
626 396 856 448 praeterea
886 388 1147 436 neetarium
1176 388 1396 436 inflatum
1417 426 1433 451 ,
1472 398 1622 437 ouato
1641 418 1657 425 -
1682 390 1765 436 ob-

487 470 702 532 longum,
730 471 862 531 apice
882 471 1198 533 bidentatum,
1229 471 1428 532 superne
1451 473 1764 534 contrafmm,

488 562 574 597 ere
606 549 881 610 dehiscens,
918 549 1182 609 persistens.

973 784 1153 843 Claffis
1176 785 1264 842 IV.

820 924 1433 986 AMENTACEAE.

598 1059 713 1110 laffis
733 1065 936 1112 maxime
956 1068 1213 1127 naturalis,
1252 1067 1297 1113 &
1324 1067 1548 1114 euidente
1569 1066 1614 1115 se
1638 1082 1765 1115 com-

629 1144 857 1192 mendans
884 1156 1116 1206 praeterea
1148 1146 1445 1206 simplicitate
1476 1156 1643 1206 quarta
1664 1147 1766 1192 haec

484 1228 551 1275 est
570 1264 585 1290 ,
623 1229 673 1276 in
711 1241 803 1287 qua
835 1226 941 1274 sunt
971 1229 1263 1277 Amentaceae
1293 1228 1505 1288 plantae,
1559 1241 1662 1288 quae
1696 1226 1763 1273 ni-

481 1311 656 1357 mirum
702 1307 810 1354 suos
846 1307 990 1354 flores
1035 1307 1217 1368 vbique
1259 1307 1439 1354 habent
1476 1307 1601 1353 intra
1641 1305 1766 1365 caly-

486 1409 590 1443 cern
630 1405 935 1439 communem
966 1392 1249 1451 inaequalem
1279 1425 1294 1450 ,
1340 1391 1641 1438 imbricatum
1663 1424 1679 1451 ,
1716 1391 1766 1438 in

483 1477 651 1526 eadem
678 1472 832 1533 specie
863 1473 1054 1534 quidem
1074 1507 1089 1532 ,
1136 1473 1216 1519 sed
1248 1475 1297 1519 in
1328 1471 1550 1518 distinffls
1585 1471 1766 1532 semper

485 1553 684 1602 amentis
708 1589 723 1612 ,
774 1551 891 1598 alios
936 1549 1220 1598 masculinos
1243 1584 1258 1609 ,
1312 1549 1427 1596 alios
1468 1548 1762 1611 femininos,

484 1649 629 1696 quare
663 1646 830 1680 omnes
860 1630 1086 1679 Linnaeus
1118 1630 1264 1676 habet
1302 1628 1384 1676 sub
1419 1627 1553 1675 claffe
1584 1641 1763 1675 monoe-

484 1717 664 1763 ciarum
721 1711 1113 1773 polyandriarum
1137 1744 1153 1770 ,
1231 1710 1314 1755 vel
1359 1707 1763 1768 pentandriarum.

483 1794 620 1842 Solet
681 1801 842 1852 autem
886 1796 1110 1835 amentum
1163 1785 1254 1832 dici
1301 1784 1544 1832 Botanicis
1572 1783 1760 1845 ¹speeies

481 1872 637 1920 calicis
661 1906 676 1931 ,
717 1869 799 1930 qui
835 1865 1023 1913 constat
1063 1880 1088 1912 e
1135 1863 1251 1912 serie
1287 1863 1620 1924 squamarum,
1665 1860 1762 1910 fil'a·

478 1935 644 1996 mento
669 1981 685 2006 ,
738 1943 820 1991 seu
863 1942 1099 1988 columnae
1141 1941 1339 1987 centrali
1384 1939 1757 2001 adhaerentium,

475 2026 607 2075 vnde
643 2032 778 2071 totus
824 2021 954 2068 floris
999 2033 1108 2067 cum
1147 2018 1231 2066 suo
1278 2019 1460 2081 calice,
1520 2013 1758 2081 huiusque

477 2106 635 2154 fulcro
666 2103 863 2151 centrali
896 2108 1146 2163 apparat-us
1169 2115 1344 2162 corpus
1376 2112 1481 2150 tum
1510 2101 1758 2163 repraesen-

478 2197 549 2235 tat
580 2190 810 2249 longum,
847 2194 973 2232 teres
999 2219 1015 2244 ,
1060 2183 1110 2229 in
1142 2183 1303 2230 multis
1325 2218 1341 2244 ,
1377 2192 1435 2230 vt
1466 2185 1638 2244 corylo
1658 2219 1675 2245 ,
1713 2184 1759 2231 &

477 2268 574 2314 aliis
599 2268 876 2329 pendulum.
942 2262 1093 2309 Nulla
1127 2261 1230 2309 fere
1259 2263 1396 2310 datur
1441 2260 1610 2327 claffis,
1638 2245 1753 2327 'quae'

480 2348 688 2397 diuersos
725 2348 869 2410 magis
904 2347 1048 2394 flores
1088 2343 1349 2402 exhibeat,
1386 2346 1593 2404 reperias
1632 2333 1756 2395 enim

477 2427 584 2474 heic
612 2430 852 2491 apetaIOS,
887 2423 1259 2485 monopetaIOS,
1296 2414 1631 2484 polypet‘aIOS,
1654 2439 1757 2474 eos-

476 2521 568 2567 que
606 2511 689 2556 vel
719 2507 985 2556 vniformes
1010 2541 1025 2566 ,
1071 2503 1154 2550 vel
1196 2498 1472 2563 difformes',
1505 2504 1553 2550 in
1587 2504 1752 2556 eadem

476 2586 612 2634 claffe
637 2590 842 2642 mixt053
880 2585 1051 2646 quibus
1085 2591 1244 2630 tamen
1274 2580 1496 2628 omnibus
1533 2596 1633 2630 non
1668 2584 1752 2631 ob-

477 2663 705 2716 stantibus
748 2664 948 2726 quilibet
991 2676 1153 2724 aequus
1193 2674 1352 2709 rerum
1387 2659 1532 2708 iudex
1568 2658 1751 2710 ciaffem

1676 2747 1745 2782 m-
