1881 3137
296 160 619 223 CLAVEM
660 160 1266 225 1LLvsTRANTEs.
1344 174 1413 243 '41

132 280 398 334 seruatione
434 286 483 331 in
507 281 906 344 conclauigfaffta,
946 284 979 332 fi
1001 293 1138 332 terrae
1161 289 1281 336 vasis
1305 287 1419 337 fieti-

135 363 257 411 libus
306 363 528 410 coercitae
577 359 862 410 commiserit
902 363 1115 422 quaedam
1166 370 1421 416 cerealium

131 441 331 502 semina,
380 450 438 488 vt
471 440 669 501 hordei,
719 454 910 502 auenae,
947 442 1288 506 similiumque,
1339 448 1415 496 de-

129 525 242 575 inde
284 520 681 586 leguminosarum
721 523 1025 583 plantarum,
1081 534 1140 571 vt
1171 525 1415 586 phaseolo-

130 619 262 667 rum,
300 602 538 665 pisorum,
576 601 874 663 aliorumque
898 601 1037 650 huius
1062 606 1273 668 generis,
1306 609 1412 655 bre·

130 683 181 730 ui
208 683 394 730 varium
423 680 553 729 hunc
582 679 756 728 discere
783 681 1072 744 germinandi
1101 688 1326 749 modum,
1363 688 1412 736 in

135 779 232 825 quo
255 763 320 810 sui
345 760 707 810 constantissima
735 760 802 809 est
822 760 1038 823 Natura,
1071 763 1270 827 simplici
1297 783 1411 816 con-

104 841 248 890 ‹sulta
267 841 612 903 experimento,
685 839 782 887 Cur
804 840 976 888 dixerit
995 841 1259 906 Royenu8,
1281 848 1411 907 plan-

129 931 200 970 tas
237 921 328 969 effe
366 934 532 968 omnes
566 920 648 966 vel
674 919 1176 983 monocotyledoneS,
1213 925 1296 971 vel
1324 939 1409 987 po-

128 1000 537 1064 lycotyledones‘t?
594 1001 811 1063 augurari
841 999 981 1047 facile
1016 1002 1132 1050 licet
1170 1017 1231 1051 ex
1269 1014 1409 1055 antea

125 1080 289 1139 diffis3
346 1081 598 1140 nimirum,
655 1075 842 1125 admiffa
877 1076 1239 1141 obseruatione,
1279 1083 1411 1143 quod

129 1164 229 1212 aliae
279 1175 382 1210 vno
435 1160 598 1209 saltem
638 1158 876 1222 gaudeant
910 1159 1243 1222 cotyledone,
1307 1162 1408 1210 aliae

128 1245 319 1293 duobus
347 1250 479 1289 certe
512 1239 777 1301 conspicuae
811 1237 928 1298 sint,
977 1239 1077 1285 aliae
1105 1238 1235 1287 forte
1264 1241 1406 1302 pluri-

125 1326 248 1387 bus,
285 1326 417 1387 quod
447 1324 640 1386 quidem
667 1323 864 1371 tertium
887 1325 1060 1386 procul
1083 1324 1229 1374 dubio
1250 1325 1404 1386 poste-

122 1408 252 1455 ritati
280 1405 547 1454 euidentius
575 1404 892 1454 decidendum
919 1406 1170 1470 relinquit,
1200 1410 1403 1470 polyco-

125 1484 380 1545 tyledones
404 1482 487 1542 ipsi
508 1481 616 1528 sunt
643 1495 810 1528 omnes
834 1495 900 1527 eae
931 1484 1131 1543 plantae,
1169 1498 1273 1544 quae
1299 1488 1400 1547 pla.

120 1564 253 1614 ribus
284 1575 387 1609 vno
409 1560 455 1608 se
477 1558 771 1623 distinguunt
802 1560 1126 1622 cotyledone,
1164 1562 1404 1629 adeoque,

121 1644 220 1694 fiue
246 1641 394 1691 dualis
426 1648 644 1700 tantum,
678 1640 775 1688 siue
794 1641 987 1702 pluralis
1015 1643 1261 1706 obtineat,
1296 1661 1400 1709 per-

122 1726 237 1776 inde
260 1723 343 1787 ipsi
371 1723 462 1771 erit
480 1757 497 1784 ,
532 1729 683 1770 vocat
714 1721 1158 1784 polycotyledones
1188 1726 1398 1788 cunetas⁹

120 1807 235 1855 licet
260 1802 509 1866 largiatur,
546 1799 638 1849 esse
656 1802 881 1863 plurimas
907 1802 1275 1863 dicotyledones
1298 1814 1399 1856 tan-

120 1895 252 1946 turn,
286 1886 433 1946 prout
458 1881 684 1931 hattenus
718 1896 880 1932 earum
909 1895 1111 1929 examen
1140 1884 1321 1933 docuit.

221 1966 303 2015 Ab
339 1963 428 2012 hac
469 1973 683 2014 extrema
725 1965 1083 2015 innumerarum
1128 1965 1398 2026 plantarum

123 2048 249 2094 inter
278 2044 324 2094 se
357 2046 694 2108 conuenientia
712 2046 1015 2108 progreditur
1033 2044 1105 2094 Cl.
1129 2044 1318 2095 Austor
1346 2051 1397 2099 in

120 2125 258 2178 claue
279 2124 367 2172 hac
397 2124 456 2171 ad
479 2125 566 2172 alia
588 2126 944 2188 memorabilia,
979 2126 1151 2188 quibus
1173 2128 1268 2176 iam
1292 2143 1396 2179 non

118 2210 244 2258 inter
272 2207 320 2256 se
346 2206 534 2270 prorsus
569 2216 803 2262 conuenit
827 2202 958 2274 prior
984 2225 1041 2260 ea
1083 2225 1149 2259 im
1182 2214 1394 2262 multitu-

117 2290 212 2350 do,
247 2286 326 2336 sed
348 2287 600 2338 indiuiduae
627 2289 675 2340 se
708 2293 999 2356 distinguunt
1021 2227 1260 2354 girmac,
1298 2294 1395 2341 col-

116 2369 339 2420 ludentes
368 2375 529 2417 tamen
560 2384 663 2420 vno
703 2371 946 2422 communi
979 2370 1271 2435 charafitere,
1316 2375 1394 2423 ab·

115 2449 282 2499 straxit
295 2446 424 2495 hunc
442 2463 469 2496 a
487 2457 606 2498 nota
624 2451 763 2500 facile
780 2451 1089 2511 obseruabili,
1129 2466 1269 2513 quam
1288 2452 1389 2516 sup·

113 2530 295 2592 peditat
342 2529 492 2592 calix,
539 2529 585 2577 &
625 2545 729 2592 quae
771 2531 820 2578 in
860 2529 1164 2593 conspestum
1197 2532 1389 2598 prodit,

117 2616 230 2658 ante
254 2606 408 2657 omnis
450 2622 592 2673 quam
631 2608 782 2659 effleta
811 2609 1075 2674 fitplanta.
1159 2609 1393 2663 Obserua-

748 2690 789 2739 F
1317 2692 1389 2740 uit
