1881 3137
357 136 1161 198 DIPLOSANTHERAE.
1294 153 1394 216 191

117 262 163 310 &
196 276 314 309 vere
352 260 631 309 declinatus.
727 261 937 326 Quoties
977 274 1090 322 ergo
1134 263 1237 322 quis
1271 262 1399 322 plan-

115 349 215 387 tam
257 339 495 387 inuenerit
536 338 872 386 communibus
921 337 1064 387 elaffis
1110 342 1237 388 notis
1286 355 1399 387 con<

115 420 350 483 spicuam,
387 418 433 465 &
467 417 663 466 stamina
696 430 943 480 gerentem
979 418 1161 481 eretta,
1196 422 1306 467 huic
1324 431 1397 468 tum

118 511 174 549 to
215 499 430 547 subiiciat
477 512 581 545 eam
627 497 796 544 ordini.
886 499 1010 546 Sunt
1060 508 1220 548 autem
1273 499 1401 546 haud

115 593 295 641 pauca,
332 578 427 625 huc
460 576 751 637 pertinentia
784 589 983 638 genera,
1020 578 1089 625 ita
1123 576 1222 624 est:
1264 576 1400 620 Saxi.

105 658 282 727 fraga,
320 658 661 706 Tournefortii
684 657 863 716 Geum,
919 656 1049 704 vnde
1084 656 1288 718 speciem
1322 655 1400 701 ha-

117 740 287 787 bemus
323 738 606 786 officinalem
632 773 648 798 ,
698 737 856 785 radice
900 739 1112 799 inprimis
1153 737 1399 801 granulosa

119 821 358 867 celebrem
375 855 391 880 ,
427 816 682 884 Saxifraga
704 816 999 881 rotundffolia
1016 816 1144 878 alba,
1176 818 1398 879 frequen=

54 914 58 915 ⁷
116 907 192 962 ter
223 898 492 947 Germaniae
521 906 657 958 prata
688 912 891 954 ornans;
930 898 1040 947 dein
1071 899 1159 947 alia
1185 898 1293 947 sunt
1321 914 1397 964 ge·

115 997 259 1044 nera,
295 982 487 1028 exotica
504 982 678 1044 magiS‚
713 983 762 1029 in
790 983 943 1030 hortis
966 985 1119 1042 culta,
1157 991 1214 1031 vt
1240 980 1397 1050 cotyle-

113 1060 230 1121 don,
264 1058 472 1124 craffitla,
511 1074 537 1106 e
569 1061 742 1121 plantis
764 1062 969 1109 maxime
1000 1062 1201 1124 cognitis
1232 1062 1300 1110 est
1323 1062 1398 1111 Se-

112 1142 246 1202 dum,
285 1142 418 1188 cuius
455 1140 616 1189 multae
650 1139 827 1201 species
866 1140 910 1188 &
939 1143 988 1190 in
1023 1142 1176 1190 hortis
1201 1143 1397 1191 Germa-

110 1223 202 1273 niae
237 1224 495 1283 coluntur,
534 1221 579 1268 &
611 1220 780 1282 sponte
818 1221 1065 1285 crescunt,
1102 1225 1267 1284 prouti
1299 1223 1396 1285 spe-

110 1304 209 1351 cies
240 1301 308 1349 est
345 1301 487 1347 etiam
523 1297 882 1366 Anacamplbros
900 1303 1126 1364 Bauhini,
1162 1302 1244 1351 seu
1266 1302 1393 1353 Faba

108 1380 279 1446 craffiz,
316 1379 582 1428 distinetum
618 1381 675 1428 ab
712 1380 809 1429 hoc
845 1381 941 1429 sedi
976 1397 1151 1447 genere
1189 1382 1390 1447 Semper-

108 1467 260 1515 uz'uum
293 1461 360 1508 est
378 1498 392 1522 ‚
442 1462 575 1507 cuius
606 1459 784 1521 species
824 1460 983 1510 Sedum
1016 1463 1157 1512 maius
1190 1463 1388 1524 vulgare

107 1543 328 1595 Bauhino
364 1539 484 1588 dieta
517 1540 761 1602 frequenti
793 1539 881 1587 vsu
912 1542 1101 1591 medico
1126 1543 1319 1591 interno
1342 1542 1387 1589 &

108 1634 314 1673 externo
336 1622 646 1684 refrigerante
668 1621 834 1682 venit,
870 1620 977 1669 sunt
997 1621 1115 1668 folia
1135 1622 1255 1683 lata,
1286 1623 1386 1670 val·

107 1708 167 1755 de
208 1703 527 1758 succulenta3
581 1716 838 1749 commune
875 1704 1054 1764 pariter
1092 1718 1242 1766 genus
1288 1704 1382 1753 est:

108 1781 272 1836 Oxalis
294 1814 308 1841 ‚
354 1783 488 1829 cuius
530 1782 700 1841 aliquae
742 1780 919 1842 species
961 1798 1048 1844 per
1078 1781 1384 1832 Germaniam

103 1868 273 1928 sponte
310 1860 553 1921 crescunt,
590 1862 774 1908 virtute
809 1864 1043 1911 medicata
1078 1865 1284 1912 maxime
1315 1866 1383 1912 in·-

107 1953 180 1993 ter
216 1955 292 1987 eas
330 1939 529 1987 celebris
551 1938 641 1985 est:
676 1938 929 2006 Acetofi’lla
946 1937 1269 2003 officinarum,
1297 1943 1383 1993 tri-

92 2019 262 2088 folium
291 2015 504 2078 acetosum
531 2018 647 2066 olim
677 2019 741 2065 ob
761 2018 879 2067 folia
895 2027 1083 2067 ternata
1106 2019 1253 2082 dieta,
1289 2033 1382 2069 nee

102 2102 259 2151 minus
293 2111 452 2144 rarum
485 2097 534 2143 in
560 2097 817 2146 Germania
835 2114 983 2161 genus
1004 2099 1091 2147 est:
1127 2095 1378 2166 Lyfflrum,

101 2180 343 2226 Veterum
381 2171 636 2233 Salicaria3
684 2178 894 2236 pertinet
933 2178 1075 2226 etiam
1108 2176 1205 2225 huc
1235 2181 1378 2227 arbor

98 2256 230 2307 Acer
257 2253 403 2313 didita,
442 2254 575 2314 cuius
601 2254 763 2301 itidem
785 2254 962 2315 species
994 2256 1162 2317 sponte
1186 2259 1375 2308 nascen-

95 2344 171 2383 tes
203 2335 434 2383 habemus
461 2334 511 2381 in
544 2333 831 2398 Germania,
860 2351 1009 2399 genus
1042 2338 1167 2387 aiiud
1188 2342 1253 2388 ibi
1271 2358 1375 2404 pas-

98 2417 181 2466 s1m
223 2417 424 2464 obuium
470 2413 719 2462 constituit
772 2415 1010 2478 Tribulus,
1066 2421 1237 2468 deinde
1281 2423 1400 2475 fre-,

101 2504 305 2554 quenter
337 2496 506 2556 sponte
540 2493 732 2542 nascens
771 2494 940 2557 Paris,
973 2500 1022 2546 in
1056 2500 1209 2549 hertis
1244 2506 1373 2553 culta

100 2567 227 2620 Ruta
277 2573 530 2638 insignibus
585 2574 768 2625 viribus
830 2576 1073 2644 medicatis
1133 2583 1331 2631 celebris
1353 2621 1369 2646 ‚

1280 2666 1370 2716 Pe-
