1881 3137
468 166 543 233 98
864 154 1227 218 CLASSIS
1274 152 1373 213 IV.

564 278 654 327 Est
690 275 925 327 alterum:
973 277 1194 343 Populus,
1234 278 1367 325 cuius
1401 275 1544 323 variae
1577 273 1751 322 dantur

474 365 652 428 species
674 398 689 423 ,
739 362 950 426 inprimis
994 373 1154 408 autem
1188 361 1327 422 alba,
1385 359 1430 406 &
1467 358 1598 420 nigra
1633 355 1752 403 Ger-

476 445 642 494 maniae
677 445 1032 505 frequentiores
1068 440 1157 488 esse
1179 441 1360 502 solent,
1397 450 1606 488 amantes
1627 441 1752 488 riuu-

477 529 636 576 lorum
658 526 912 587 viciniam,
948 523 1102 571 solent
1130 523 1178 569 in
1212 522 1421 570 officinas
1450 521 1754 581 pharmaceu-

474 609 592 656 ticas
630 621 835 670 gemmas
879 605 1102 665 colligere
1142 603 1313 665 populi
1352 602 1493 664 nigrae
1539 617 1629 663 pro
1676 615 1754 663 pa-

477 685 626 733 rando
678 694 931 748 vnguento
971 684 1054 731 illo
1101 685 1413 746 refrigerante
1438 719 1453 744 ‚
1508 682 1755 743 sedatiuo,

481 765 613 826 quod
644 774 946 827 vnguentum
971 764 1237 824 populeum
1272 760 1429 823 audit„
1466 759 1544 808 sed
1573 760 1641 809 est
1671 775 1756 822 po-

480 851 648 911 pulus,
686 857 744 893 Vt
775 861 878 907 quae
903 844 1141 907 sequitur,
1171 841 1320 906 salix,
1357 846 1628 906 exemplum
1649 844 1758 892 dioe·

483 933 566 979 eiae
595 929 778 978 Linnaei
800 964 816 988 ‚
853 926 1106 976 masculina
1136 928 1262 973 enim
1294 934 1481 974 amenta
1507 961 1522 987 ‚
1561 926 1606 973 &
1627 926 1760 974 femi-

482 1028 573 1062 nea
616 1013 665 1059 in
719 1011 886 1057 eadem
931 1009 1122 1070 quidem
1169 1007 1357 1068 specie,
1418 1005 1495 1055 sed
1536 1007 1758 1057 diffluens

484 1092 660 1156 plantis
705 1090 862 1152 gerit,
920 1086 966 1133 ὅτ,
996 1087 1208 1149 Populus
1245 1085 1433 1147 quidem
1472 1085 1579 1133 suos
1615 1087 1761 1134 habet

483 1169 716 1222 masculos
749 1171 797 1216 in
831 1176 1024 1214 amento
1059 1168 1330 1227 communi,
1367 1167 1610 1229 oblong0‚
1649 1181 1761 1217 con-

485 1254 638 1303 stante
659 1248 860 1311 squamis
884 1248 1130 1309 vnifloris,
1167 1248 1406 1310 oblongis,
1441 1248 1608 1308 planis,
1644 1247 1761 1296 fimi-

483 1339 530 1385 le
560 1334 673 1381 huic
710 1330 777 1378 est
812 1330 1073 1379 femineum
1102 1337 1378 1389 amentum,
1416 1328 1599 1376 corolla
1627 1338 1762 1376 vtro·

484 1417 631 1476 bique
667 1413 798 1461 nulla
820 1445 835 1472 ,
888 1410 966 1459 sed
996 1410 1256 1458 nestarium
1290 1411 1551 1469 vtrobique
1592 1423 1761 1458 mono-

485 1495 705 1558 phyllum
727 1527 742 1551 ‚
780 1491 965 1538 inferne
994 1490 1291 1537 turbinatum
1310 1524 1327 1549 ,
1363 1489 1659 1549 tubulatum‚
1694 1488 1762 1536 su-

486 1587 635 1639 perne
672 1573 868 1632 oblique
903 1571 951 1617 in
985 1578 1186 1617 ouatum
1213 1571 1411 1617 limbum
1442 1570 1762 1618 terminatum.

487 1656 752 1706 Filamenta
787 1652 968 1700 habent
999 1663 1187 1702 amenta
1216 1650 1467 1699 masculina
1493 1652 1603 1700 οᾶὶο
1623 1689 1639 1712 ,
1677 1669 1764 1702 vn-

490 1737 548 1783 de
590 1737 765 1783 dioeciis
794 1733 1045 1782 &landriis
1076 1733 1353 1780 adnumerat
1383 1732 1638 1790 Linnaeus3
1683 1750 1764 1795 pe-

426 1812 430 1814 *
487 1814 742 1876 ricarpium
778 1810 953 1878 capsula
981 1822 1157 1871 ouata‚
1192 1811 1494 1872 biloculariS,
1531 1814 1762 1876 biualuis,

488 1895 695 1942 valuulis
723 1892 942 1952 reflexis,
979 1906 1082 1952 quae
1109 1889 1282 1937 semina
1311 1888 1583 1952 numerosa,
1621 1903 1764 1940 ouata

488 1977 657 2034 fouet,
693 1986 853 2035 pappo
888 1971 1093 2032 capillati
1124 1971 1355 2017 volatilia.

594 2054 743 2121 Quod
791 2053 995 2112 denique
1046 2051 1216 2100 attinet
1262 2050 1320 2098 ad
1368 2048 1553 2099 Salicem
1574 2083 1588 2108 ‚
1630 2053 1765 2100 cuius

493 2137 658 2196 aliquae
695 2133 872 2194 species
910 2131 1132 2179 laetiffime
1176 2133 1223 2178 in
1263 2131 1519 2178 Germania
1553 2130 1769 2179 crescunt

496 2215 554 2264 ad
593 2215 769 2262 fluuios
793 2250 808 2274 ‚
843 2213 1033 2260 firmum
1068 2213 1156 2259 illis
1200 2213 1464 2260 naturalem
1503 2221 1766 2273 ponentoe,

494 2299 538 2345 &
567 2295 847 2343 obiicientes
880 2308 1094 2356 aggerem
1123 2302 1370 2353 tenacem,
1425 2292 1491 2338 est
1512 2289 1641 2354 fidix
1669 2293 1770 2339 haec

495 2390 521 2422 e
559 2375 696 2426 claffe
739 2374 1010 2422 dioeciarum
1052 2372 1366 2419 diandriarum
1397 2372 1612 2431 Linnaei‚
1652 2373 1771 2419 'licet

496 2457 623 2503 enim
648 2454 824 2516 species
853 2455 996 2501 etiam
1027 2454 1327 2515 inueniatur,
1366 2455 1498 2501 cuius
1530 2466 1628 2499 mas
1661 2467 1769 2513 qua-

494 2543 643 2592 tuor,
678 2534 761 2579 vel
793 2534 1003 2593 quinque
1036 2532 1311 2581 staminibus
1333 2569 1369 2593 ,γ
1395 2532 1636 2594 inaequalis
1667 2533 1770 2581 lon-

496 2612 716 2676 gitudinis
751 2613 996 2661 instruitur
1027 2647 1045 2674 ,
1103 2628 1128 2660 a
1160 2615 1341 2676 potiori
1386 2624 1544 2664 tamen
1584 2614 1772 2662 nonnisi

1671 2697 1768 2745 duo
