1881 3137
608 130 1083 190 PROLers
1523 151 1555 208 3

42 268 46 274 ’
134 253 340 330 planta?
397 253 624 316 Scih'cet,
663 239 827 328 pbout
852 270 949 326 per
971 270 1156 309 omnes
1182 255 1424 311 Historiae
1448 255 1555 312 Na-

135 346 308 403 turalis
340 361 513 419 partes
534 381 549 408 ‚
591 347 655 399 ita
681 345 909 398 maxime
943 363 1040 418 per
1064 344 1437 418 ampiiffimum
1460 346 1555 401 Bo-

137 439 324 491 tanices
355 453 606 511 campum
651 435 988 508 systematum
1033 434 1350 491 construfflo
1395 435 1558 491 latiffi-

135 542 256 583 mos
278 529 650 601 comprobauit
677 526 793 582 suos
827 525 945 582 usus
978 527 1043 583 ab
1065 526 1180 600 ipsis
1202 527 1333 582 illius
1357 528 1557 599 periodi

137 633 308 672 aureae
341 615 663 672 incunabulis
686 650 702 677 ,
766 632 885 688 quae
923 615 1119 689 primas
1161 629 1365 670 tantum
1402 615 1556 672 duce-

138 701 290 772 bant,
331 710 392 764 &
413 704 797 761 adumbrabant
822 704 1101 778 systematis
1125 704 1333 761 alicuins
1359 705 1558 761 botani-

137 794 182 847 ci
203 793 376 851 lineas,
455 794 887 851 Obseruauerunt
918 795 1136 871 quidem
1167 813 1353 852 omnes
1381 801 1441 857 &
1465 799 1559 855 fin.

138 886 249 960 guli
269 888 428 961 primi
454 886 805 960 Systematum
820 886 1085 946 Αιῑᾶοῑες
1101 921 1116 951 ‚
1153 904 1264 945 non
1287 889 1437 944 vnius
1460 890 1559 946 effe

138 978 366 1035 hominis
387 1013 401 1042 ‚
443 993 596 1033 tantae
617 977 768 1034 molis
792 995 928 1053 opus
953 977 1233 1051 perficere,
1274 982 1453 1052 prouti
1474 982 1559 1039 vel

138 1068 229 1127 soli
259 1069 609 1145 congerendae
641 1071 869 1125 materiae
902 1069 1119 1126 illorum
1152 1072 1298 1124 omni
1331 1088 1440 1127 non
1466 1091 1561 1146 par

138 1161 213 1218 est
253 1179 424 1225 vnus‚
484 1161 766 1234 multoque
809 1162 983 1216 minus
1035 1162 1140 1234 apti
1179 1160 1294 1216 sunt
1336 1179 1560 1230 omnes,

141 1254 328 1330 quodsi
352 1271 529 1312 tamen
552 1252 880 1310 reuoluimus
913 1271 970 1308 ea
991 1287 1007 1315 ‚
1059 1270 1178 1326 quae
1209 1251 1348 1308 iaffis
1380 1254 1562 1325 primis

139 1348 531 1409 fundamentis,
580 1347 712 1402 intra
752 1345 970 1400 unicum
1011 1343 1241 1403 seculum
1285 1344 1348 1401 ad
1389 1344 1564 1400 nostra

141 1440 306 1513 usque
325 1452 570 1510 tempora
593 1436 814 1507 praestita
842 1435 957 1490 heic
978 1434 1094 1490 sunt
1122 1454 1149 1491 a
1170 1436 1307 1493 Viris
1331 1433 1566 1509 peritiffi-

142 1533 269 1593 mis,
294 1533 357 1588 ὃς
378 1524 669 1583 acutiffimis
693 1523 1067 1597 Botanosophis
1081 1560 1096 1587 ‚
1137 1525 1338 1581 nonnifi
1362 1526 1565 1582 summa

143 1637 270 1680 cum
289 1616 562 1690 voluptate
583 1615 878 1690 poterimus
902 1615 1145 1672 admirari
1167 1650 1183 1679 ,
1223 1618 1567 1693 maximoque

143 1711 382 1773 venerari
404 1727 528 1766 cum
550 1706 799 1783 applausu
821 1706 1035 1782 insignia
1053 1705 1134 1763 illa
1153 1706 1377 1765 botanici
1398 1707 1566 1773 studii,

145 1803 339 1882 quibus
382 1817 525 1856 nune
565 1797 834 1872 superbit,
884 1799 1207 1853 incrementa
1244 1801 1306 1856 ὃς
1343 1796 1564 1873 fastigia,

146 1912 267 1971 quae
290 1885 537 1966 profeRO
571 1886 658 1944 soli
682 1886 946 1944 debentur
968 1886 1304 1959 systematum
1334 1889 1568 1946 constru-

148 1985 342 2044 &ioni.,
407 1980 720 2053 Elegantem
751 1977 1127 2054 progreffuum
1156 1978 1354 2058 horum
1385 1978 1569 2037 scalam

150 2074 438 2149 designauit
479 2071 631 2126 nobis
674 2070 1068 2128 Celeberrimus
1102 2070 1351 2143 Royenus
1368 2104 1385 2134 ‚
1424 2072 1572 2129 Bota-

149 2163 521 2238 nosophorum
554 2161 741 2218 Cicero
761 2196 776 2223 ,
826 2162 878 2215 in
909 2159 1217 2217 Praefatione
1249 2161 1312 2216 ad
1342 2161 1570 2219 Prodro·

151 2271 307 2314 mum
367 2253 408 2309 F
410 2252 537 2308 lorae
596 2250 865 2322 Leidensis
887 2285 902 2314 ‚
963 2251 1089 2315 vbi,
1141 2252 1422 2327 postquam
1469 2255 1572 2329 pri-

151 2363 298 2406 mam
346 2345 598 2402 Botanieae
643 2344 928 2418 originem,
968 2346 1184 2419 eiusque
1222 2346 1430 2419 potiora
1469 2344 1571 2403 fata

152 2437 412 2495 enarrauit
433 2469 449 2499 ‚
500 2436 796 2510 praecipuos
820 2438 974 2493 etiam
999 2436 1353 2510 Systematum
1376 2437 1569 2495 Condi-

152 2541 293 2584 tores
326 2546 353 2582 a
385 2525 671 2599 Caesalpino
712 2526 774 2583 ad
806 2527 1062 2602 insignem
1093 2527 1376 2587 Linnaeum
1404 2527 1568 2602 usque

154 2619 416 2679 nominat,
456 2616 667 2691 ipsaque
687 2617 901 2673 illorum
925 2616 1191 2691 systemata
1211 2618 1486 2692 graphice,
1510 2632 1569 2672 vt

816 2710 866 2765 A
905 2726 942 2765 2
1420 2705 1571 2769 solet,
