1881 3137
498 203 606 245 100
896 179 1252 243 CLASSIS
1293 178 1383 238 IV.

491 322 592 356 mas
622 301 877 370 gemmam,
914 299 1108 371 similem
1138 302 1407 364 perianthio
1440 300 1766 362 tetraphyHO,
1841 316 1845 319 ¹

493 383 736 433 fiiamenta
774 398 894 430 vero
929 384 1074 430 babet
1110 381 1301 443 copiosa
1322 417 1337 441 ‚
1384 383 1558 428 coalita
1586 381 1772 427 inferne

493 467 545 513 in
578 468 882 524 columnam,
930 479 1114 526 gemma
1155 457 1436 525 longiorem.
1520 461 1775 523 Pericarpii

493 548 606 594 {oco
650 549 796 593 bacca
835 544 902 591 est
945 546 1113 608 (notat
1153 545 1278 590 enim
1316 542 1575 604 Linnaeus,
1619 542 1774 591 strifite

494 627 739 686 loquendo
772 626 1088 687 pericarpium
1120 623 1211 670 dici
1245 637 1347 671 non
1381 622 1556 669 debere
1590 614 1777 671 notabi-

494 708 589 755 lem
619 707 741 754 hanc
775 708 972 755 baccam
993 742 1008 766 ‚
1046 705 1094 751 in
1137 703 1365 752 vniuerso
1399 719 1549 768 regno
1585 721 1777 772 vegeta-

494 791 577 837 bili
598 815 632 851 ,›
652 797 744 851 qua
770 799 922 851 nom„
959 790 1054 837 sine
1084 790 1222 855 pari)
1259 803 1285 836 e
1315 792 1625 848 receptaculo
1650 795 1778 841 elon-

493 884 606 934 gato
648 873 696 918 in
731 873 966 934 globum,
1022 870 1221 933 superne
1261 886 1315 918 ac
1359 874 1547 921 inferne
1589 873 1783 934 propria

494 955 659 1001 tunica
688 955 898 1013 ῖεξὶυῐῃ,
935 952 1059 1000 succi
1089 953 1313 1014 plenum,
1352 957 1484 1017 apice
1510 954 1779 1015 dehiscens,

495 1035 748 1094 colorata,
803 1033 997 1081 tandem
1042 1033 1358 1082 exsiccatione
1404 1035 1775 1097 contabescens,

489 1112 811 1173 euanescens,
849 1127 952 1174 quae
976 1112 1135 1160 semen
1160 1115 1376 1177 vnicum‚
1415 1114 1778 1163 ouato-oblon-

491 1204 605 1252 gum
624 1225 639 1250 ‚
679 1192 810 1253 apice
841 1190 1119 1251 prominens
1156 1199 1291 1238 extra
1318 1193 1516 1239 baccam
1543 1191 1778 1239 recondit.

493 1269 643 1317 Aliud
681 1272 821 1318 huius
866 1269 1044 1317 ordinis
1086 1273 1359 1333 exemplum
1400 1272 1445 1317 &
1483 1285 1631 1335 genus
1679 1271 1776 1321 est:

504 1351 684 1419 Thuyn,
719 1353 980 1428 Dodonaeo
1009 1353 1175 1402 Arbor
1203 1354 1309 1402 vitae
1340 1352 1458 1399 dista
1477 1389 1492 1413 ,
1533 1353 1646 1401 duas
1675 1364 1777 1403 tan-

492 1446 599 1483 tum
638 1435 777 1481 huius
817 1431 995 1492 species
1033 1433 1105 1480 Cl.
1151 1431 1339 1479 Αιιξὶοι·
1386 1433 1592 1496 allegat,
1640 1435 1777 1483 aliam

494 1515 700 1564 strobilis
722 1514 939 1575 laeuibus,
975 1513 1174 1574 squamis
1203 1513 1403 1572 obtufiS‚
1443 1516 1637 1564 alteram
1663 1515 1778 1564 stro-

493 1597 600 1643 bilis
631 1593 902 1654 vncinatis‚
942 1593 986 1640 δι
1020 1591 1219 1652 squamis
1253 1595 1776 1643 reflexo-acuminatis.

494 1677 782 1738 Suppeditat
814 1676 1093 1738 posterioris
1127 1676 1267 1723 huius
1298 1675 1469 1737 speciei
1497 1675 1781 1726 succinaeam

492 1758 861 1820 descriptionem
883 1795 897 1819 .,
937 1773 1039 1820 quae
1073 1761 1138 1807 ita
1173 1761 1354 1809 habet:
1393 1758 1546 1807 Radix
1579 1757 1777 1824 fibrosa,

496 1842 679 1903 ligno-sa
703 1878 718 1903 ‚
772 1843 817 1889 &
852 1844 1034 1891 ramosa
1073 1844 1175 1905 est,
1234 1845 1379 1891 caulis
1428 1843 1600 1906 griseus
1625 1879 1640 1903 ‚
1695 1860 1781 1905 per

501 1936 697 1970 omn-em
730 1923 1077 1984 longitudinem
1115 1924 1352 1984 ramosus,
1390 1924 1504 1971 rami
1529 1922 1685 1969 vltimi
1714 1939 1781 1970 ar-

499 2005 676 2051 cuatim
724 2007 1049 2069 adscendunt,
1097 2007 1310 2055 instruffi
1360 2007 1549 2053 ramulis
1594 2008 1779 2054 alterno

495 2082 585 2129 situ
618 2085 861 2144 pennatim
902 2088 968 2134 ita
1000 2085 1161 2147 positis
1189 2123 1204 2146 ,
1249 2096 1307 2132 vt
1347 2088 1471 2134 acies
1511 2087 1657 2133 altera
1686 2096 1778 2133 ter-

496 2176 595 2209 ram
619 2197 635 2222 .,
682 2163 828 2210 altera
868 2168 1039 2214 coelum
1074 2163 1323 2226 respiciat:
1372 2166 1421 2212 hi
1458 2181 1579 2213 vero
1613 2166 1778 2213 eadem

496 2244 683 2291 ratione
718 2243 880 2305 diuisi,
918 2247 964 2294 &
996 2246 1214 2294 subdiuisi
1250 2248 1413 2309 saepius
1446 2256 1672 2308 teguntur
1706 2247 1778 2294 fo-

496 2324 620 2370 liolis
666 2326 996 2388 quadrifariam
1046 2327 1302 2373 imbricatis
1331 2361 1347 2385 ,
1403 2327 1595 2385 Gnatis,
1651 2341 1778 2373 com-
1851 2329 1854 2332 ’

496 2403 653 2463 preffis
688 2404 780 2466 ita,
818 2417 876 2453 vt
907 2416 1165 2469 appareant
1195 2405 1417 2466 disticha,
1455 2405 1533 2451 ve}
1560 2408 1778 2467 opposita

501 2482 598 2529 duo
629 2484 915 2534 intermedio
942 2488 1067 2547 quasi
1088 2488 1294 2536 neruulo
1333 2485 1556 2546 consuta,
1596 2487 1640 2534 &
1664 2501 1776 2536 con-

496 2571 643 2605 nexa:
680 2561 986 2607 minimorum
1012 2561 1307 2606 ramulorum
1341 2560 1483 2622 apices
1517 2562 1778 2609 autumnali

494 2645 716 2700 tempore
754 2636 1061 2687 incraffimtus
1080 2673 1095 2699 ,
1135 2638 1179 2686 &
1221 2637 1465 2700 superiora
1505 2641 1668 2690 versus
1709 2639 1778 2688 in-

1589 2730 1771 2769 cur-uati
