1881 3137
392 153 1029 227 LEGVMINOSAE.
1229 160 1356 232 '175

76 280 177 330 sula
209 279 465 338 seminaliS,
501 279 550 326 in
582 293 674 339 qua
702 276 875 324 semina
900 279 984 325 vni
1008 276 1179 324 suturae
1211 281 1363 328 adhae-

78 365 212 418 rent,
260 358 305 404 &
336 356 484 402 altera
519 355 739 418 oppofita
775 354 958 405 facilius
1000 354 1220 415 dehiscit,
1269 371 1362 418 qua

78 450 131 483 re
156 437 292 484 facile
310 435 608 498 distinguitur
634 452 660 484 a
683 439 862 499 filiqua,
902 453 1041 499 quam
1071 435 1213 484 claffis
1245 437 1359 484 XIII

79 518 333 579 explicatio
365 517 624 565 delineauit
643 558 658 579 ,
703 521 915 566 recentia
948 521 1090 567 etiam
1120 519 1358 579 legumina

76 597 259 659 semper
291 599 482 646 carnosa
510 602 682 662 magis,
717 599 762 646 &
799 600 1072 648 succulenta
1100 599 1233 659 sunt,
1279 598 1358 646 sed

77 675 126 722 &
155 678 404 725 flatulenta
431 678 600 739 magis,
646 689 704 725 vt
735 677 990 726 obseruant
1018 678 1234 738 Medici,
1280 679 1358 725 de-

77 755 188 802 inde
219 755 462 819 longiora,
515 747 568 801 &
592 756 792 818 latiora,
845 757 1102 819 aequalibus
1148 757 1358 815 quando-

77 851 198 898 que,
233 833 554 881 vniformibus
588 837 793 883 articulis
819 835 1057 895 distincta,
1093 836 1212 898 stepe
1234 850 1356 885 vero

75 914 218 962 valde
248 911 514 972 difformia,
553 911 598 956 &
629 914 931 979 irregularia,
979 929 1082 974 quae
1114 915 1356 964 diuersitas

74 1000 368 1061 praecipuum
409 991 476 1038 est
521 991 886 1043 fundamentum
919 996 1142 1043 ordinum
1167 1033 1182 1058 ,
1237 1011 1358 1058 quos

78 1078 151 1124 Cl.
179 1072 366 1123 Auctor
397 1073 658 1120 constituit.
728 1073 891 1122 Habet
919 1075 1020 1122 haec
1050 1076 1131 1124 sub
1168 1076 1214 1123 se
1244 1077 1358 1123 clas-

77 1157 134 1204 fis
160 1153 484 1220 papilionaceas
507 1152 877 1217 Tournefortii,
923 1156 1187 1223 irregulares
1218 1167 1359 1205 tetra-

69 1234 244 1302 petalas
268 1236 456 1296 Riuini,
493 1234 539 1281 &
569 1233 835 1301 diadelpbz'as
862 1235 1121 1287 decandrias
1143 1238 1324 1285 Linnaei
1339 1253 1354 1294 ;

74 1311 392 1374 charactereS,
431 1315 512 1374 qui
536 1316 719 1375 plantas
750 1315 831 1362 has
863 1317 919 1362 ab
948 1317 1045 1363 aliis
1068 1317 1356 1377 discernunt,

75 1392 270 1455 claflici,
328 1394 424 1441 huc
473 1393 760 1454 potiffimum
805 1395 1010 1442 redeunt
1039 1411 1051 1443 ι
1128 1395 1358 1456 Calye-em

75 1475 254 1522 format
281 1471 582 1539 perianthium
621 1477 1020 1536 monophyllum,
1060 1477 1358 1537 campanula-

77 1566 209 1619 tum,
268 1557 314 1604 ἃ
347 1557 665 1618 marcescens,
719 1555 811 1620 bast
837 1558 1006 1620 gibba,
1059 1557 1246 1605 inferne
1279 1571 1358 1619 pe-

79 1638 292 1685 dunculo
328 1653 540 1698 annexa,
596 1637 796 1699 superne
840 1637 1038 1699 obtusa,
1099 1640 1360 1701 mellifera,

70 1730 155 1765 'ore
194 1717 634 1776 quinquedentatO,
683 1726 855 1778 acuto,
895 1717 1091 1779 ereEtO,
1129 1719 1357 1782 obliquo,

75 1797 319 1859 inaequali,
353 1795 566 1846 denticulo
597 1796 750 1852 infimo
778 1799 947 1864 impare
974 1801 1219 1862 longiore,
1248 1802 1360 1865 pari

65 1878 275 1944 supremo
309 1880 561 1940 breuiore,
597 1880 888 1940 remotiore,
920 1877 1072 1941 fundo
1101 1882 1276 1928 melleo
1306 1884 1358 1930 li-

75 1975 232 2022 quore
260 1959 475 2020 madido,
507 1959 870 2020 ,receptaculum
905 1959 1194 2007 includente.
1275 1962 1356 2012 Co.

77 2037 192 2089 roua
221 2039 288 2086 est
316 2040 364 2085 in
394 2041 615 2087 omnibus
641 2037 942 2104 papilionacea
972 2039 1117 2101 dieta,
1153 2042 1357 2103 inaequa-

76 2119 162 2179 lis,
219 2116 438 2164 constans
472 2131 497 2162 e
522 2115 681 2180 petalis
713 2125 943 2177 quatuor,
997 2120 1080 2165 vel
1112 2121 1351 2184 quinque,

78 2211 285 2259 quorum
312 2196 521 2256 superius
557 2193 796 2252 vexillum,
834 2194 1043 2242 lateralia
1077 2213 1199 2245 vero
1240 2198 1352 2262 alae,

65 2275 295 2326 ‘infimum
313 2291 462 2337 vero,
485 2273 660 2336 saepius,
673 2276 967 2337 bipartitum,
993 2278 1148 2326 carina
1168 2278 1355 2329 dicitur.

78 2359 286 2410 Stamina
315 2358 505 2418 decem,
533 2355 767 2417 filamenta
800 2372 825 2403 2
848 2355 1109 2418 difformia,
1148 2375 1354 2420 quorum

76 2435 264 2486 alterum
273 2436 503 2502 superius,
542 2434 587 2480 &
605 2433 783 2495 pistillo
814 2435 1092 2482 incumbens
1122 2434 1355 2488 antherum

79 2516 295 2575 Vnicam,
327 2513 515 2564 alterum
546 2527 668 2562 vero
696 2511 906 2575 inferius,
949 2513 993 2560 &
1024 2513 1249 2574 pistillum
1274 2530 1356 2563 va-

72 2597 197 2661 ginae
227 2597 284 2644 ad
310 2597 507 2648 modum
522 2598 777 2645 inuolu-ens
798 2588 1006 2650 antheras
1024 2607 1178 2646 nouem
1201 2612 1356 2659 aequa-

1286 2678 1355 2724 les
