1881 3137
187 813 426 871 Explicatio

191 870 332 913 Claffis
362 866 418 908 X.

193 925 297 966 Ord.
327 937 365 972 4.

465 170 571 231 150
881 152 1235 215 CLASSIS
1285 153 1351 212 X.

812 342 992 403 Claffis
1031 343 1100 400 X.
1177 341 1309 400 Ord.
1349 356 1401 414 4.

541 499 1197 560 FRVCTIFLORAE
1249 494 1679 555 FLORIBVS

824 618 1410 694 QVADRIFIDIS.

574 805 814 855 Obserues
852 808 993 855 etiam
1026 808 1075 854 in
1111 806 1207 853 hoc
1243 806 1410 853 ordine
1447 808 1630 850 curtam
1663 798 1759 848 fru-

478 883 764 933 Etiflorarum
800 883 1197 948 suppellefitilem,
1233 899 1323 930 nec
1357 883 1483 930 enim
1516 881 1652 942 plura
1681 883 1761 923 ocss

192 978 412 1027 Frustiflorae
481 978 679 1015 currunt
712 970 760 1016 in
793 984 882 1028 eo,
940 983 1081 1028 quam
1106 964 1273 1032 fi’ptem
1304 981 1494 1034 genera,
1555 972 1763 1024 quorum

190 1033 345 1084 flou-ihm
369 1042 461 1081 qua·

192 1084 348 1139 drifidis.

476 1047 684 1108 primum
719 1046 813 1093 est:
863 1046 1057 1104 Cornus,
1095 1045 1340 1093 arbuscula
1370 1046 1525 1106 primo
1563 1057 1663 1090 vere
1699 1038 1764 1110 dij·

474 1130 577 1177 lute
602 1125 753 1190 flauos
786 1140 1013 1189 promens
1038 1125 1199 1189 flores,
1260 1126 1418 1174 aestate
1445 1124 1626 1188 fruflus
1661 1122 1764 1170 red-

474 1209 590 1257 dens
625 1204 851 1265 baccatos,
885 1207 1126 1270 eleganter
1156 1207 1415 1256 admodum
1448 1204 1630 1264 rubros,
1668 1192 1767 1266 gra}

474 1298 524 1335 te
560 1286 721 1333 dulces
752 1286 800 1332 in
830 1286 1113 1347 quibusdam
1145 1285 1408 1347 speciebus.
1499 1283 1688 1331 Colitur
1717 1284 1769 1330 in

478 1367 631 1414 hortis
666 1364 964 1426 Germaniae,
1001 1375 1188 1415 tantum
1217 1380 1319 1413 non
1352 1376 1512 1414 totum
1540 1379 1687 1428 genus
1720 1366 1770 1413 in

480 1442 571 1490 suis
601 1441 848 1502 speciebus
877 1444 1120 1490 Omnibus.
1188 1444 1231 1490 E
1262 1445 1515 1506 generibus
1544 1444 1593 1488 in
1619 1437 1774 1502 patriai

481 1518 645 1568 nostra
674 1519 843 1582 sponte
875 1518 1198 1568 crescentibus
1232 1521 1322 1570 est:
1369 1519 1623 1587 epilobium‚
1656 1518 1774 1569 olim

483 1606 661 1656 dffium
693 1600 1013 1654 chamaenerion
1034 1641 1048 1665 ,
1086 1602 1223 1652 cuius
1274 1603 1422 1651 variae
1466 1597 1644 1663 species
1692 1615 1775 1652 oc-

487 1693 688 1736 currunt
730 1684 1001 1741 siluestres3
1065 1683 1176 1730 dein
1231 1682 1301 1731 est
1355 1678 1577 1730 oenothera
1598 1717 1613 1742 ,
1669 1697 1775 1742 quae

485 1765 845 1815 Tournefortio
884 1765 1154 1812 dicebatur:
1214 1763 1408 1828 Onagra
1443 1762 1587 1808 variis
1623 1761 1777 1809 libere

487 1847 700 1895 crescens
746 1846 795 1892 in
830 1844 1076 1905 speciebus
1097 1881 1113 1907 ,
1168 1844 1218 1892 δι
1252 1857 1337 1905 per
1372 1841 1543 1888 hortos
1581 1841 1777 1893 Germa-

487 1927 577 1975 niae
614 1924 758 1972 culta.
832 1922 1058 1983 Denique
1094 1925 1189 1972 huc
1223 1921 1433 1984 pertinet
1459 1917 1640 1971 Adoxa
1665 1923 1778 1972 Lin-

489 2007 606 2065 naei‚
664 2005 905 2051 Veterum
947 2004 1027 2052 illa
1053 1999 1424 2068 Moschatellina‚
1485 2003 1550 2050 ob
1592 2014 1780 2066 gratum

493 2084 697 2132 odorem
729 2080 1052 2145 moschatum‚
1113 2081 1302 2145 Caspari
1342 2082 1562 2130 Bauhino
1606 2085 1665 2132 ad
1711 2100 1782 2135 ra·

495 2160 735 2211 nunculos
781 2169 981 2221 propter
1036 2160 1270 2210 foliorum
1319 2159 1576 2209 incisorum
1627 2168 1783 2211 terna-

496 2247 595 2285 tam
630 2236 910 2287 diuisionem
952 2242 1116 2289 relata.
1223 2241 1434 2290 Cubicus
1479 2242 1547 2290 est
1582 2242 1782 2291 extremi

498 2308 716 2360 florentis
754 2315 899 2362 caulis
927 2315 1196 2378 adparatus,
1264 2318 1633 2366 Nominauimus
1667 2331 1783 2379 prae-

501 2391 662 2451 cipuas
697 2396 746 2445 in
781 2394 1050 2449 Germaniae
1088 2400 1294 2464 campi5‚
1329 2400 1579 2463 hortisque
1613 2395 1789 2449 obuia'

502 2472 702 2533 plantas,
1569 2502 1573 2503 ff
1745 2479 1790 2501 ·'²

1716 2578 1718 2580 ,
1743 2551 1790 2584 ,12

1630 2694 1786 2750 Claffis
