1881 3137
387 145 994 207 AMENTACEAE.
1249 165 1324 223 97

57 275 278 321 culti-oue
304 307 324 332 .‚
371 270 510 318 succo
555 268 768 331 aquoso,
827 269 988 329 dulci,
1043 270 1320 332 mitigante,

0 386 2 388 -
58 354 359 402 saluberrimo
385 351 581 398 celebris
610 350 832 410 Medicis,
864 361 1049 397 amenta
1072 351 1326 410 Vtriusque·

59 439 193 486 sexus
226 438 396 484 florum
427 434 725 494 cylindracea
762 432 992 489 exhibet,
1037 429 1245 478 corollam
1277 430 1324 475 in

61 533 134 566 ma
154 513 258 565 culis
289 515 597 575 compositam
628 527 652 557 e
680 511 884 559 flosculis
915 512 1065 558 tribus
1090 547 1105 572 ,
1143 509 1326 570 aequali-

62 600 181 658 bus,
217 595 456 656 propriam
477 632 492 654 ,
528 594 910 654 monopetalam‚
949 591 993 636 δε
1025 589 1329 650 quadriparti-

63 685 160 724 tam
184 712 200 736 ,
239 676 285 723 in
310 671 516 735 femineis
555 670 1018 728 nonmanifestam,
1061 669 1326 730 pericarpio

65 756 225 816 nullo,
263 762 453 802 amento
475 750 555 798 sub
583 748 758 808 fingula
785 747 971 808 squama
992 748 1134 795 trium
1155 748 1329 795 florum

67 837 238 884 semina
280 835 479 881 fouente
516 831 717 879 solitaria
743 864 757 888 ‚
803 842 948 878 ouata
970 866 984 891 ‚
1033 829 1328 891 compressa,

69 918 114 962 δε
141 913 308 975 acuta,
345 916 571 976 vti-inque
604 915 673 962 ala
704 913 926 962 instrufita
947 913 1329 975 membranacea,

64 998 182 1057 lata,
219 997 265 1042 &
295 995 475 1043 obtusa.

162 1078 282 1125 Non
315 1078 565 1125 abfimilem‘
599 1079 772 1126 betulae
797 1077 949 1128 Alnus
976 1080 1121 1127 habet
1140 1076 1336 1125 struftu-

68 1172 195 1218 ram,
233 1157 434 1204 tremula
465 1156 552 1203 suis
581 1157 706 1204 foliis
744 1172 802 1203 ex
832 1156 1164 1206 obseruatione
1185 1159 1335 1219 vulgi,

67 1239 223 1285 Alnus
259 1239 465 1300 vulgaris
494 1238 726 1298 Bauium,
764 1238 846 1284 vei
872 1240 1209 1300 rotundifolia,
1245 1239 1336 1300 gla-

67 1323 188 1381 bra,
225 1319 388 1366 viridis
413 1355 428 1380 ,
463 1318 662 1366 Linnaeo
698 1318 968 1379 simpliciter
995 1322 1150 1369 Alnus
1188 1319 1336 1377 diua,

69 1406 350 1464 frequenter
396 1403 652 1449 admodum
696 1418 782 1464 per
832 1403 1135 1450 Germaniam
1171 1402 1340 1464 sponte

73 1481 312 1540 crescens,
348 1490 648 1526 amentorum
681 1481 726 1526 &
760 1482 1047 1527 coi-ollarum
1074 1483 1342 1529 conforma-

74 1568 208 1616 tione
250 1561 353 1609 fere
393 1560 686 1607 conueniens
738 1574 847 1607 cum
884 1560 1048 1606 betula
1069 1594 1084 1619 ‚
1125 1556 1344 1621 femineos

75 1651 236 1689 tamen
273 1641 417 1687 flores
457 1641 504 1689 in
547 1649 733 1688 amenta
777 1648 922 1686 ouata
956 1640 1099 1702 magis
1129 1676 1144 1701 ‚
1204 1657 1343 1702 quam

75 1716 374 1778 cylindracea
404 1716 606 1779 digestos
646 1716 855 1765 offerens
879 1753 894 1777 ,
940 1728 1061 1776 quos
1105 1720 1243 1779 calyx
1277 1718 1345 1766 su-

72 1795 248 1844 stentat
281 1810 307 1841 e
341 1810 448 1844 cono
482 1795 700 1844 constans
737 1796 977 1845 communi
1004 1832 1020 1857 ,
1069 1796 1341 1864 subouat0‚

77 1877 123 1924 &
159 1878 446 1937 imbricato,
498 1876 698 1936 squamis
739 1878 889 1924 tribus
911 1912 925 1938 ‚
978 1887 1035 1925 vt
1069 1879 1116 1926 in
1148 1879 1342 1941 betula,

78 1958 304 2018 oppofitis
337 1959 518 2018 vbique
541 1995 557 2020 ,
602 1957 732 2006 rachi
762 1957 906 2006 affixis
929 1995 945 2019 ‚
993 1957 1037 2005 &
1066 1960 1348 2020 persistenti-

78 2039 167 2085 bus
207 2034 315 2097 post
354 2038 671 2085 maturitatem
695 2072 711 2099 ,
755 2036 940 2099 singulis
972 2037 1109 2084 hisce
1147 2037 1345 2100 squamis

78 2114 292 2173 bifloriS,
328 2114 683 2175 reniformibus,
715 2117 1024 2176 obtufiffimiS,
1061 2118 1347 2179 apicequin-

80 2192 338 2253 quelobi8‚
384 2192 665 2253 compressi&
761 2194 1014 2255 Pericarpii
1057 2197 1171 2243 loco
1216 2211 1349 2248 conus

79 2270 148 2319 est
178 2269 260 2318 sub
291 2271 467 2334 fingula
492 2271 681 2332 squama
707 2273 911 2322 duorum
942 2275 1134 2337 florum,
1175 2276 1348 2327 semina

0 2390 3 2393 .
80 2349 240 2398 ferens
273 2350 490 2412 angulata
509 2385 525 2411 ‚
560 2349 778 2400 solitaria.
847 2353 1105 2415 Supersunt
1137 2357 1232 2412 duo
1264 2373 1349 2406 no-

82 2432 246 2482 tiffima
275 2432 415 2479 huius
455 2433 632 2481 ordinis
666 2436 882 2495 exempla
915 2435 962 2482 &
995 2451 1169 2498 genera
1189 2475 1204 2500 ‚
1244 2456 1349 2501 quae

84 2516 260 2577 pariter
291 2514 566 2574 frequenter
603 2519 857 2567 admodum
879 2519 1048 2582 'sponte
1080 2521 1129 2571 in
1155 2522 1348 2577 Germa-

85 2595 166 2646 nia
191 2593 420 2646 crescunt.

724 2674 777 2723 N
1269 2681 1354 2732 Est
