1881 3137
551 112 1027 173 PROLOGVS.
1447 136 1512 190 15

92 237 294 297 alterius
328 233 539 307 vestigia
585 251 868 307 premere,
928 251 1099 308 quum
1134 239 1313 293 nitiuo
1348 242 1513 314 magis

89 327 233 384 cultu
262 324 413 380 Flora
443 322 702 397 superbiat
737 326 790 379 in
824 339 961 379 terra
992 323 1183 379 nullius
1219 343 1335 381 ante
1361 327 1513 384 calca-

87 429 135 468 ta
180 411 439 486 pedibUS‚
498 430 659 486 quam
701 415 842 469 iuxta
891 414 1031 468 viam
1073 430 1100 467 a
1134 412 1383 469 Botanicis
1429 419 1512 471 tri-

85 502 341 559 tiffimam.

198 592 256 650 Id
301 608 470 648 vnum
509 610 536 648 a
568 589 890 648 Leffioribus
933 605 1128 664 expeto
1152 625 1166 652 ,
1231 605 1288 646 vt
1321 590 1511 647 Classes

84 684 383 759 plantarum
412 682 762 738 determinent
798 682 938 736 iuxta
974 681 1218 736 ordinem
1248 699 1274 735 a
1306 698 1393 735 me
1425 698 1510 736 ex-

80 772 338 848 postumi,
377 775 437 831 &
462 772 665 827 clauem
690 771 892 832 datam,
939 772 1204 843 inprimis,
1248 787 1314 824 ne
1337 769 1507 828 distin-

81 862 353 920 &iffimam
404 859 644 921 claffem2
706 878 823 932 quae
869 858 1206 933 Calycifloras
1253 855 1504 914 exhibet,

82 972 203 1011 cum
234 948 536 1007 frufi'cifloris
565 948 905 1006 confundant.

195 1044 470 1115 Qantum
501 1058 643 1097 nunc
673 1042 737 1098 ad
769 1043 1008 1101 nomina,
1047 1039 1241 1113 quibus
1275 1036 1505 1111 insigniri

77 1135 247 1194 classes
266 1135 501 1197 debent,
543 1151 724 1190 contra
750 1150 962 1190 morem
986 1132 1247 1188 Veterum
1269 1132 1506 1196 varium,

73 1225 280 1299 semper
316 1240 494 1280 autem
527 1221 753 1280 confufis
774 1224 1098 1297 aperientem
1128 1236 1341 1295 portam
1364 1218 1509 1283 idess,

69 1315 401 1373 recentiffimi
427 1315 652 1371 Botanici
674 1331 782 1372 vno
806 1315 982 1389 potius
1006 1311 1295 1374 vocabum,
1329 1328 1505 1383 eoque

70 1404 404 1465 succulentO,
436 1403 660 1477 finguias
687 1402 855 1458 clames
879 1403 1185 1467 enunciant,
1228 1419 1295 1455 ne
1318 1400 1509 1456 discen·

71 1494 209 1549 tibus
257 1493 342 1548 vel
394 1492 496 1547 sola
539 1494 753 1548 nomina
796 1492 988 1549 claffica
1036 1488 1397 1547 difficultatem
1441 1495 1503 1551 δί

67 1581 306 1638 nauseam
345 1582 561 1655 pariant.

179 1674 271 1739 De
296 1672 556 1726 Ordinibus
591 1669 756 1726 multa
780 1668 951 1724 dicere
987 1670 1140 1743 plane
1168 1669 1497 1745 superfluum

65 1761 230 1824 duco,
274 1778 443 1835 quum
464 1759 675 1816 ordines
698 1758 825 1814 nihil
855 1758 992 1814 aliud
1018 1759 1140 1823 sint,
1183 1779 1342 1834 quam
1369 1761 1492 1816 clas-

62 1849 605 1907 fium‘subdiuifiones
627 1883 642 1911 ,
701 1866 759 1904 ac
795 1848 1021 1921 proinde
1067 1849 1212 1923 leges
1250 1849 1489 1911 easdem,

62 1957 120 1996 ac
150 1939 320 1997 claffes
353 1938 469 2013 ipsae
491 1974 506 2003 ‚
547 1938 720 1996 subire
754 1938 995 1995 debeant.
1117 1938 1175 1995 Id
1207 1956 1378 1996 vnn-m
1408 1938 1491 1995 hic

61 2029 318 2084 monuisse
349 2029 586 2093 sufficiat,
638 2046 826 2085 omnes
864 2029 1108 2085 omnium
1140 2027 1254 2085 fere
1286 2029 1488 2084 Botani-

58 2135 250 2173 corum
274 2117 483 2173 ordines
514 2137 542 2173 a
574 2114 756 2173 fruch
779 2115 1084 2189 desumptos
1115 2113 1241 2176 effe,
1283 2118 1343 2174 ὃς
1369 2132 1494 2189 pau-

62 2208 131 2262 cis
165 2221 370 2262 tantum
405 2205 580 2261 verbis
604 2206 810 2268 additis,
850 2205 936 2259 vel
971 2203 1289 2277 transpofitis
1310 2220 1376 2260 ex
1402 2223 1488 2261 eo-

56 2296 184 2353 dem
215 2295 364 2353 fonte
398 2295 751 2370 promanasse:
773 2294 1001 2352 -Reffius
1025 2310 1200 2350 tamen
1222 2312 1312 2350 eos
1340 2314 1367 2352 a
1393 2296 1488 2354 flo-

54 2401 114 2441 re
145 2385 331 2442 deduei
375 2385 613 2441 existimo
635 2420 651 2448 >
704 2387 824 2460 quia
856 2385 921 2441 fic
954 2403 1121 2441 morae
1145 2420 1160 2446 ,
1219 2401 1339 2459 quae
1382 2381 1488 2440 fru-

53 2473 201 2530 stum
233 2476 368 2530 inter
391 2480 452 2535 ὃς
479 2474 667 2531 florem
698 2477 996 2539 intercedit,
1038 2476 1183 2532 taedia
1217 2475 1474 2531 leuantur.

49 2559 191 2618 Hine
225 2569 287 2624 &
318 2582 420 2638 ego
443 2601 457 2628 ‚
496 2582 770 2639 praeeunte
800 2566 1059 2629 Linnaeo'2
1102 2568 1153 2621 in
1184 2564 1476 2622 diuidendis

1327 2652 1482 2710 claffi-
