1881 3137
485 150 594 208 106
786 102 796 109 ”
898 141 1252 202 CLASSIS
1304 141 1373 202 v.

481 280 661 327 trema,
697 265 795 313 fiue
826 262 1018 329 duplex,
1062 266 1202 312 radiis
1230 266 1391 313 denuo
1423 263 1588 313 eadem
1620 266 1764 313 ratio-

483 365 545 398 ne
583 344 735 394 diuisis
756 381 771 406 ,
833 345 891 392 ad
933 345 1181 393 minimum
1225 346 1569 407 copiosioribus
1606 346 1763 394 radiis.

484 432 667 480 Videas
700 438 887 487 autem,
922 427 1100 474 habere
1128 428 1451 476 vmbessiferas
1481 429 1563 475 has
1598 444 1766 479 omnes

483 511 612 561 haud
638 523 791 570 pauca
817 508 946 555 inter
980 506 1024 555 se
1058 510 1357 568 communia,
1395 507 1440 554 &
1474 509 1765 576 constantia,

486 607 590 654 quae
623 589 824 636 soliicite
854 589 1038 636 notass'e
1075 589 1203 638 haud
1231 604 1400 651 parum
1435 589 1641 640 iuuabit:
1687 593 1768 642 sci-

483 673 626 730 licet,
663 666 851 717 vmbella
887 669 970 714 vei
996 669 1193 728 simplex
1222 668 1317 729 est,
1353 668 1437 715 vel
1462 670 1667 734 duplex,
1711 686 1769 724 vt

484 753 533 800 in
572 750 786 812 plurimis
806 784 821 809 ,
880 747 1045 798 corolla
1082 750 1385 811 pentapetala
1425 749 1476 797 in
1512 752 1765 818 omnibus,

486 846 632 893 quare
674 829 764 878 suis
803 829 1128 878 vmbelliferas
1162 831 1366 878 Riuinus
1398 829 1676 881 adnumerat
1710 835 1768 882 ir-

483 913 777 978 regularibus
796 912 1140 974 pentapetalis‚
1178 913 1390 974 quinque
1415 911 1599 975 semper
1614 916 1769 980 stami.

484 1010 544 1044 na
569 1010 679 1042 cum
701 993 890 1040 duobus
919 991 1101 1056 semper
1122 989 1272 1057 stylis,
1309 992 1442 1041 vnde
1464 992 1689 1043 Linnaeus
1718 997 1767 1044 in

487 1075 624 1124 claffe
676 1074 1066 1135 pentandriarum
1112 1072 1407 1135 digyniarum
1461 1090 1539 1123 eas
1593 1074 1765 1133 habet,

481 1172 663 1226 germen
694 1156 876 1217 semper
898 1155 965 1204 est
996 1154 1078 1202 sub
1101 1154 1250 1214 flore,
1283 1152 1448 1215 femina
1475 1155 1658 1217 semper
1681 1163 1768 1203 nu÷

485 1239 569 1300 da,
604 1236 713 1297 αἰιο,
750 1236 918 1287 radices
953 1239 1003 1285 in
1034 1236 1276 1297 plerisque
1302 1236 1429 1284 recta
1458 1236 1765 1296 descendunt,

471 1316 595 1383 folia
629 1319 945 1380 vtplurimum
974 1315 1204 1366 subdiuisa
1236 1315 1369 1378 sunt,
1404 1317 1538 1367 caulis
1562 1318 1766 1380 plerum·

485 1415 578 1462 que
606 1399 870 1460 fistulosus,
916 1409 1046 1446 certe
1081 1399 1312 1460 sulcatus,
1357 1403 1595 1463 ramosuS,
1630 1405 1762 1452 raris-

482 1483 595 1530 fime
625 1479 880 1528 fruticosus
914 1479 996 1527 est.
1077 1479 1247 1528 Liceat
1275 1491 1435 1529 autem
1467 1499 1764 1545 praemonere

483 1562 543 1609 de
563 1561 698 1610 classe
723 1562 836 1620 hac,
875 1558 1007 1620 quod
1035 1560 1233 1606 multam
1256 1559 1339 1607 fibi
1368 1560 1583 1608 vindicet
1617 1572 1766 1610 atten-

481 1647 697 1705 tionem,
729 1641 970 1690 Tironum
991 1642 1256 1702 praecipue,
1292 1642 1341 1688 in
1362 1641 1658 1690 secernendis
1690 1660 1764 1693 or-

461 1724 698 1783 dinibus,
745 1722 825 1783 qui
866 1721 992 1767 enim
1030 1720 1137 1780 post
1171 1721 1394 1768 vmbellae
1435 1721 1763 1785 conditione8‚

483 1802 733 1852 euidenter
776 1801 882 1848 satis
925 1802 975 1848 in
1008 1801 1181 1847 oculos
1221 1800 1444 1848 cadentes
1488 1802 1545 1850 ab
1575 1804 1761 1851 inuolu-

484 1885 573 1931 crIs
592 1881 904 1930 desumuntur
921 1897 1082 1930 earum
1103 1881 1511 1929 vinbelliferarum
1533 1883 1764 1933 characte-

481 1979 587 2025 reS‚
623 1978 725 2012 non
755 1979 841 2024 per
872 1977 1040 2010 omncs
1070 1963 1338 2022 plantarum
1367 1961 1535 2009 harum
1554 1965 1667 2010 vitae
1685 1978 1764 2024 pe-

482 2045 647 2094 riodos
694 2059 830 2105 aeque
868 2044 1009 2091 facile
1051 2040 1249 2089 discerni
1277 2038 1484 2100 poss'unt.
1586 2041 1767 2091 Inuolu-

481 2141 607 2177 crum
633 2125 858 2173 Linnaeus
888 2134 1117 2184 tanquam
1151 2121 1355 2181 speciem
1386 2121 1560 2181 calycis
1588 2137 1765 2185 propo-

480 2209 578 2267 nit,
614 2208 729 2254 licet
755 2209 926 2268 vtique
955 2208 1002 2254 in
1030 2205 1344 2254 vmbessiferis
1378 2203 1435 2250 ad
1456 2203 1764 2251 maturiorem

482 2294 673 2335 aetatem
704 2287 874 2334 adultis
905 2286 1019 2333 nihi]
1055 2287 1237 2344 minus,
1286 2298 1426 2344 quam
1453 2283 1666 2341 calycem
1693 2296 1763 2328 re-

479 2369 631 2429 serat,
681 2367 812 2429 atqui
845 2381 970 2414 vero
998 2365 1068 2411 his
1102 2363 1341 2425 praecipue
1375 2357 1662 2419 applicatur,
1697 2356 1764 2403 ita

481 2449 702 2510 quidem,
741 2459 801 2494 vt
829 2447 1134 2494 inuolucrum
1162 2458 1188 2490 a
1215 2440 1396 2503 potiori
1424 2438 1652 2498 denotet,
1689 2438 1762 2485 fo-

478 2528 701 2588 liaceam,
750 2526 955 2575 viridem
989 2535 1251 2582 coronam,
1301 2533 1432 2566 nunc
1460 2533 1486 2565 e
1514 2517 1758 2579 pluribu3‚

478 2619 610 2659 nunc
657 2610 966 2672 paucioribus
1005 2606 1187 2654 foliolis
1233 2603 1561 2665 constantem,
1621 2602 1667 2650 &
1702 2607 1760 2652 ab

1647 2680 1752 2742 ipsis
