1881 3137
601 140 1085 199 PROLOGVS.
1480 170 1546 229 13

127 277 277 322 mum
320 256 615 318 inuenerim
670 260 1062 333 Royenianum‚
1117 277 1292 334 neque
1332 259 1546 327 sebum,

125 369 452 426 operamque
496 348 770 423 perdidisse
817 349 1055 423 speram,
1111 349 1146 404 si
1179 348 1396 423 quidem
1439 351 1544 406 hoc

122 440 656 499 acutiffimiAuss'toris
691 439 927 512 Systema
967 441 1179 497 vberius
1213 438 1372 512 paulo
1413 441 1543 497 dilu-

118 531 385 594 cidarem,
446 546 505 586 vt
549 530 835 586 commode
877 530 964 586 illo
1009 530 1180 587 vbiuis
1223 529 1296 584 vti
1339 526 1540 587 liceret,

117 638 244 677 cum
276 621 341 677 ad
373 620 483 676 haec
513 635 684 693 usque
722 632 966 693 tempora
1001 617 1127 675 nihil
1157 616 1444 673 habeamus
1474 613 1541 669 ab

117 727 210 773 ec,
248 724 441 784 praeter
484 708 844 783 prodromum
876 709 1046 766 Florae
1078 706 1377 770 Leidenfis,
1420 706 1539 762 licet

116 817 236 860 ante
276 800 376 856 hos
417 798 521 852 iam
562 798 746 870 viginti
785 815 947 856 annos
980 798 1195 852 Floram
1239 793 1536 868 promiseric

113 890 301 964 ipsam,
340 887 539 945 vtinam
571 904 681 944 non
711 888 908 944 interea
940 887 1191 946 botanicae
1224 882 1540 944 valedixisset

113 972 443 1039 Profeffioni!

224 1072 364 1127 Ante
404 1081 583 1124 autem
628 1067 693 1124 ad
725 1066 886 1142 ipsam
922 1066 1056 1126 hanc
1088 1086 1252 1143 quam
1293 1068 1537 1125 accedam

109 1158 503 1217 illustrationem
514 1193 531 1221 ,
583 1158 681 1213 erit
713 1157 940 1221 necesse,
995 1174 1053 1216 vt
1086 1161 1280 1233 partim
1313 1157 1534 1216 Clarisfi-

108 1252 184 1307 mi
199 1247 446 1307 Auctoris
469 1245 728 1303 Ordinem
751 1264 1043 1320 exponam,
1085 1250 1276 1322 partim
1300 1249 1536 1304 rationes

106 1339 216 1396 eius
257 1332 520 1400 excitem,
575 1336 768 1412 quibus
811 1338 1045 1394 ‘eundem
1084 1338 1303 1395 excusat.
1403 1339 1533 1395 Pro-

100 1444 251 1483 mam
285 1427 389 1500 ipsa
430 1427 538 1481 eius
579 1426 743 1480 verba
787 1445 816 1481 e
853 1426 1162 1483 Praefatione
1202 1428 1266 1483 ad
1301 1427 1531 1484 prodro-

104 1531 261 1570 mum
292 1514 461 1570 Florae
494 1513 760 1570 Leidensis
780 1548 797 1576 2
847 1531 1109 1589 quantum
1138 1515 1202 1573 ad
1236 1531 1533 1590 Vtrumque

99 1599 276 1659 facere
310 1600 532 1675 scopum
550 1600 824 1665 videntur,
864 1607 925 1663 &
955 1604 1251 1679 relinquam
1283 1624 1341 1662 ea
1373 1608 1529 1662 etiam

100 1693 158 1749 in
192 1693 413 1754 vnione,
452 1708 617 1764 prout
645 1690 751 1764 ipse
778 1691 1099 1750 Clariffimus
1122 1695 1330 1751 Auam-
1353 1713 1412 1751 ea
1441 1694 1531 1751 ha-

98 1782 220 1845 bet,
258 1798 316 1839 vt
343 1781 550 1840 misceat
573 1781 884 1856 expositioni
907 1784 1119 1841 Ordinis
1142 1787 1367 1841 rationes
1401 1802 1527 1842 eum

94 1870 413 1929 excusantes,
494 1871 568 1927 Ita
600 1889 736 1927 vero
762 1870 873 1927 ille:
913 1872 1057 1930 Cum
1088 1870 1240 1946 claffes
1270 1873 1356 1929 vel
1379 1888 1526 1930 natu-

98 1962 230 2018 rales
258 1961 355 2018 sint
374 1996 390 2025 ‚
425 1961 511 2018 vel
541 1961 822 2019 artificiales
843 1998 858 2026 ‚
899 1968 960 2024 &
992 1965 1196 2038 priores
1227 1964 1525 2038 posteriori-

99 2049 200 2106 bus
237 2048 475 2124 praeferri
517 2053 779 2117 debeant,
838 2053 931 2109 has
967 2052 1095 2111 solas
1124 2055 1437 2129 inuestigare
1467 2058 1522 2111 in

96 2143 334 2198 animum
365 2141 583 2204 induxi,
635 2158 829 2199 ceteras
863 2147 1133 2219 tempori,
1195 2150 1257 2206 ὅτ,
1291 2146 1525 2203 vberiori

94 2229 338 2306 linquens
370 2234 595 2289 examini
618 2268 634 2296 ‚
692 2251 812 2308 quae
846 2235 987 2291 enim
1016 2234 1178 2294 latent
1210 2235 1405 2302 hodie,
1455 2235 1524 2293 se-

94 2338 186 2378 rus
214 2320 356 2380 forte
384 2323 491 2380 dies
523 2323 802 2387 reuelabit‚
834 2340 922 2381 aut
954 2324 1162 2383 doffior
1189 2341 1325 2384 aetaS.
1404 2328 1517 2386 Vti-

93 2426 218 2466 nam
248 2412 414 2469 modo
445 2431 596 2488 aeque
616 2431 855 2488 pronum
884 2414 1050 2480 foret,
1092 2414 1343 2495 Claffium
1374 2432 1520 2477 natu-

93 2496 281 2557 ralium
305 2537 320 2564 ,
389 2519 452 2558 ac.
489 2504 827 2565 artificialium
878 2507 1207 2566 characteres
1249 2507 1518 2566 inuenire!

91 2599 216 2644 nam
245 2605 354 2646 non
386 2591 513 2651 leuis
543 2592 794 2668 profefi’to
830 2595 1023 2656 laboris
1055 2597 1154 2663 est,
1195 2597 1366 2656 classes
1396 2597 1520 2654 dare

776 2684 814 2742 B
861 2701 891 2760 3
1383 2701 1529 2745 natu-
