1881 3137
433 152 1063 214 LEGVMINOSAE.
1289 169 1394 227 179

119 281 214 326 cies
255 276 421 337 sponte
461 272 722 322 crescentes
763 283 1063 333 occurrunt,
1113 289 1202 320 nec
1231 289 1392 335 paucae

119 362 344 407 coluntur
388 357 437 402 in
484 354 673 413 hortiS,
733 350 952 420 Polygala
993 351 1184 413 copiose
1223 353 1390 412 sponte

118 438 291 494 obuia,
315 431 526 496 fumaria
554 434 758 493 denique
785 432 913 479 haud
945 434 1106 493 paucis
1136 433 1185 478 in
1217 429 1386 490 specie-

115 517 203 563 bus
226 514 392 576 sponte
418 515 637 573 nascens,
675 528 760 574 per
780 515 952 562 multas
977 527 1100 560 vero
1126 514 1267 560 etiam
1289 509 1383 571 spe-

115 597 208 642 cies
246 597 454 642 enutrita
488 597 535 642 in
567 595 719 641 hortis
758 593 1040 641 Germaniae.

575 836 921 896 Claffisxvl.

265 955 1233 1018 OLIGANTHERAE.

225 1106 339 1156 laffis
370 1107 472 1155 haec
501 1108 675 1156 iterum
699 1107 957 1157 admodum
986 1104 1242 1163 naturam,
1288 1102 1384 1150 for-

1415 1110 1652 1165 Explicatio

255 1194 383 1234 mata
419 1201 445 1233 e
482 1186 717 1234 relatione
758 1186 1010 1250 fingulari,
1055 1184 1100 1230 &
1138 1165 1661 1229 constanteC¹²ffiSXVI·

110 1268 297 1314 numeri
345 1265 595 1313 staminum
643 1280 750 1314 curn
793 1280 995 1313 numero
1030 1263 1302 1326 petalorum
1337 1274 1386 1306 m

109 1347 334 1407 corollis,
371 1356 454 1394 aut
479 1361 682 1394 numero
714 1347 1066 1410 segmentorum
1096 1343 1386 1391 coronarum

105 1428 523 1486 monopetalarum
542 1462 559 1485 .,
605 1427 930 1485 fimpliciffimo
956 1429 1053 1473 hoc
1081 1424 1250 1472 nititur
1280 1422 1384 1469 cha-

107 1505 288 1552 ractere
312 1541 326 1565 ,
366 1504 495 1564 quod
528 1505 607 1551 ille
638 1521 864 1553 numerus
898 1505 1179 1564 staminum,
1228 1500 1383 1549 distin-

110 1584 296 1632 &orum
317 1583 521 1645 semper,
545 1584 590 1630 &
613 1587 864 1646 aequalium
884 1586 1009 1633 inter
1034 1586 1061 1633 s
1053 1602 1096 1646 e,
1119 1582 1190 1633 vel
1207 1580 1382 1647 respon-

110 1659 213 1710 deat
243 1659 431 1722 prorsus
456 1675 658 1708 numero
686 1665 984 1725 petalorum,
1021 1671 1102 1710 aut
1122 1662 1384 1723 segmento-

107 1755 244 1801 rum‚
288 1741 336 1787 in
365 1755 469 1802 quae
505 1740 753 1790 finduntur
791 1743 986 1790 corollae
1030 1742 1379 1802 monopetalae,

108 1820 180 1871 vel
207 1819 352 1867 minor
378 1821 435 1867 fit
457 1858 472 1880 ,
506 1821 553 1868 id
589 1822 720 1880 quod
750 1837 950 1870 examen
982 1820 1274 1881 fingulorum
1305 1835 1383 1883 ge-

109 1913 278 1947 nerum
320 1899 502 1961 vbique
558 1899 875 1949 confirmabit.
978 1897 1168 1948 Ordines
1209 1898 1291 1945 sub
1334 1897 1379 1944 se

109 1979 253 2029 claffis
283 1978 386 2025 haec
419 1981 564 2028 habet
601 1997 757 2030 nouem
779 2019 795 2043 ‚
846 1996 1055 2043 quorum
1089 1978 1379 2027 cl1ara&eres

109 2060 423 2124 vtplurimum
453 2076 479 2109 a
508 2076 711 2108 numero
737 2061 988 2111 staminum
1023 2060 1238 2122 descripti
1257 2058 1381 2121 sunt,

108 2144 267 2210 pasfim
301 2157 425 2190 vero
461 2142 602 2188 etiam
635 2142 768 2189 fimul
801 2142 1093 2192 manifestam
1120 2139 1382 2188 „admodum

111 2241 138 2273 e
165 2223 290 2270 foliis
311 2258 327 2283 ,
376 2231 456 2269 aut
485 2219 714 2267 fructibus
745 2232 909 2270 notam
934 2230 1237 2284 expungunt,
1276 2232 1379 2280 quae

106 2303 327 2350 ordinem
352 2301 667 2360 determinet,
704 2303 998 2363 propiusque
1022 2300 1230 2350 definiat.

575 2446 896 2504 Εὲκὲἕέἵῦ

700 2639 739 2686 Ζ
775 2656 801 2688 2
908 2645 910 2648 ’
1224 2643 1378 2691 Claffis

1409 1224 1665 1277 Oligantherae„
