1881 3137
320 176 394 236 26
792 166 1269 228 PROLOGVS.

329 293 389 369 1)
423 291 671 368 Pyrolam
713 290 1111 350 rotundifoliam
1153 291 1409 345 maiorem
1433 323 1447 350 ,
1498 286 1560 359 2)
1586 285 1746 361 Pyro-

321 385 428 442 lam
461 379 859 439 rotundifoliam
895 382 1160 436 minorem
1182 415 1197 443 ,
1241 377 1299 450 3)
1340 377 1585 452 Pyrolam
1619 373 1747 432 folio

323 485 666 532 mucronato,
706 468 927 531 serrato,
978 466 1042 540 4)
1075 467 1321 540 Pyrolam
1353 463 1748 526 frutescentem,

321 564 496 622 arbuti
524 561 671 617 flore.
790 558 922 615 Haee
952 561 1168 615 nomina
1208 555 1461 612 haetenus
1487 556 1552 612 ab
1583 558 1751 612 omni-

321 655 421 713 bus
455 667 666 727 recepta
714 647 935 707 fuerunt
960 686 974 713 ,
1031 651 1133 713 ita,
1174 665 1233 703 vt
1265 648 1332 705 de
1363 645 1555 702 harum
1592 646 1750 703 deno-

325 744 612 802 minatione
663 738 840 797 nnllns
892 738 1239 810 dubitauerit3
1314 735 1399 794 sed
1457 736 1754 800 videamus,

321 852 433 910 quo
462 834 608 894 iure,
645 849 705 888 ac
735 827 1118 888 fundamento?
1175 828 1227 885 Si
1251 828 1415 902 Tyro
1446 843 1546 902 per
1574 826 1755 884 silvam

325 924 580 980 oberrans
614 937 855 995 quartam
894 918 1136 975 obseruat
1167 917 1390 993 speciem
1410 952 1426 980 ,
1483 914 1605 973 folia
1639 935 1756 975 mu-

327 1027 537 1069 cronata
559 1041 576 1074 ,
630 1015 691 1068 &
721 1009 907 1065 serrata
940 1023 1218 1081 gerentem
1239 1042 1254 1071 ,
1307 1023 1459 1082 aeque
1490 1024 1548 1064 ac
1579 1010 1755 1071 tertia,

321 1116 450 1158 tunc
492 1114 558 1154 ex
609 1097 725 1154 data
769 1094 1061 1154 differentia
1101 1114 1218 1154 eam
1257 1114 1359 1171 pro
1398 1099 1545 1154 tertia
1589 1095 1754 1172 specie

321 1188 607 1266 agnoscet,
654 1194 716 1249 &
748 1190 940 1244 merito
966 1222 984 1252 ‚
1031 1205 1157 1245 cum
1196 1205 1294 1245 nec
1329 1186 1605 1252 frutescat,
1658 1206 1757 1246 nec

327 1280 500 1339 arbuti
534 1276 695 1333 flores
731 1276 1101 1353 monopetalos
1134 1294 1298 1354 gerat.
1396 1278 1670 1342 Similiter,
1717 1278 1756 1336 fi

325 1372 498 1448 prima
531 1371 645 1426 vice
676 1369 902 1442 speeiem
934 1367 1214 1426 secundam
1246 1370 1507 1443 reperiat,
1557 1387 1654 1427 nec
1682 1372 1750 1425 vi-

325 1460 460 1520 derit
489 1462 721 1535 primam
745 1494 759 1522 ,
817 1477 1002 1516 Vtrum
1039 1475 1165 1517 tune
1209 1462 1412 1522 maior,
1461 1460 1547 1515 vel
1581 1464 1762 1518 minor

325 1546 543 1608 dicenda
593 1546 693 1604 fit?
743 1545 1023 1622 ignorabit.
1148 1548 1299 1623 Ergo
1352 1547 1465 1604 haec
1514 1552 1758 1614 nomina,

331 1640 452 1718 quia
484 1637 782 1713 promiscue
805 1636 964 1710 accipi
996 1634 1233 1709 possunt,
1273 1640 1334 1695 &
1361 1634 1485 1691 nihil
1513 1636 1757 1694 determi-

330 1743 484 1790 nant,
526 1726 801 1782 reiicienda
827 1726 971 1799 sunt3
1007 1727 1271 1800 inprimis,
1304 1743 1428 1782 cum
1462 1729 1516 1781 in
1539 1726 1641 1784 hoc
1669 1745 1756 1801 ge-

333 1833 463 1871 nere
501 1814 810 1873 faeillimum
841 1813 929 1879 fit,
982 1833 1132 1872 veras
1172 1814 1380 1872 tradere
1414 1812 1727 1875 differentias
1740 1853 1759 1883 ,

332 1904 443 1962 flue
490 1903 771 1963 essentiales
793 1941 809 1970 ,
851 1903 958 1963 siue
997 1904 1287 1980 synopticas
1310 1941 1325 1969 ,
1374 1923 1496 1962 nam
1538 1907 1759 1964 secunda

327 1996 519 2071 species
539 2031 556 2059 ,
625 1996 713 2052 seu
757 1995 951 2070 Pyrola
997 1991 1336 2052 rotundifolia
1371 1997 1552 2051 *minor
1594 1996 1757 2055 Bauh.

336 2083 394 2157 ι)
432 2082 624 2141 florem
665 2085 803 2158 gerit
845 2086 897 2140 in
940 2082 1093 2159 scapo
1138 2082 1345 2158 semper
1385 2086 1599 2142 vnicum
1624 2120 1639 2148 ,
1692 2084 1757 2157 2)

328 2173 580 2241 stamina,
643 2171 824 2248 quoad
867 2171 1021 2230 situm
1062 2174 1330 2248 inaequalia
1356 2209 1372 2237 ,
1433 2173 1496 2231 ad
1527 2174 1620 2231 alia
1650 2174 1758 2248 seg-

331 2279 511 2321 menta
547 2265 759 2320 corollae
800 2280 974 2330 terna,
1015 2261 1079 2321 ad
1109 2263 1200 2322 alia
1235 2266 1380 2328 bina,
1427 2265 1492 2322 ad
1523 2265 1617 2323 alia
1651 2266 1761 2322 soli-

327 2356 477 2417 taria,
520 2354 581 2428 3)
611 2354 825 2413 stamina
859 2355 972 2413 haec
1010 2354 1231 2430 expansa
1263 2355 1395 2418 fert,
1435 2373 1533 2413 nec
1557 2357 1757 2421 erecta,
1834 2431 1843 2435 q

325 2459 415 2500 aut
445 2444 579 2518 stylo
618 2443 878 2520 appressa,
931 2462 990 2503 vt
1019 2446 1235 2520 reliquae
1264 2444 1483 2519 speeies,
1536 2447 1599 2520 4)
1635 2446 1756 2522 stig-

328 2553 415 2592 ma
458 2537 597 2610 gerit
638 2537 1031 2593 coronaeforme
1051 2571 1067 2598 ,
1123 2552 1306 2593 contra
1348 2555 1509 2610 quam
1551 2538 1605 2594 in
1653 2540 1758 2596 aliis

328 2624 611 2699 speciebus·
699 2627 870 2694 Hinc,
909 2626 947 2684 fi
975 2625 1204 2701 speciem
1235 2626 1371 2685 hanc
1399 2627 1623 2685 dixerim
1658 2629 1756 2702 Py·
1791 2636 1796 2639 '

1582 2717 1753 2774 roiam
